@string{apl = {Appl. Phys. Lett.}}
@string{arpc = {Annu. Rev. Phys. Chem.}}
@string{assp = {Adv. Solid State Phys.}}
@string{cise = {Computing in Science and Eng.}}
@string{cpl = {Chem. Phys. Lett.}}
@string{epl = {Europhys. Lett.}}
@string{ijqc = {Int. J. Quant. Chem.}}
@string{jap = {J. Appl. Phys.}}
@string{jce = {J. Comput. Electron.}}
@string{jcg = {J. Cryst. Growth}}
@string{jcp = {J. Chem. Phys.}}
@string{jem = {J. Elec. Mat.}}
@string{jltp = {J. of Low Temp. Phys.}}
@string{jp = {J. Physique}}
@string{jpc = {J. Phys. Chem.}}
@string{jpcb = {J. Phys. Chem. B}}
@string{jpcm = {J. Phys.: Condens. Matter}}
@string{jsp = {J. Stat. Phys.}}
@string{mrs = {MRS Bull.}}
@string{nature = {Nature}}
@string{npa = {Nuc. Phys. A}}
@string{pe = {Physica E}}
@string{pla = {Phys. Lett. A}}
@string{plb = {Phys. Lett. B}}
@string{pnas = {Proc. Nat. Acad. Sci.}}
@string{pr = {Phys. Rev}}
@string{pra = {Phys. Rev. A}}
@string{prb = {Phys. Rev. B}}
@string{prc = {Phys. Rev. C}}
@string{prd = {Phys. Rev. D}}
@string{pre = {Phys. Rev. E}}
@string{prl = {Phys. Rev. Lett.}}
@string{pssa = {Phys. Stat. Sol. (a)}}
@string{pssb = {Phys. Stat. Sol. (b)}}
@string{rmp = {Rev. Mod. Phys.}}
@string{science = {Science}}
@string{sm = {Superlattices and Microstructures}}
@string{ssc = {Solid State Comm.}}
@string{sst = {Semicond. Sci. Technol.}}

%%%%%% Chapter 2: pulse model
@inproceedings{richmond2010direct,
  title={Direct-detection LADAR systems},
  author={Richmond, Richard and Cain, Stephen},
  year={2010},
  organization={Society of Photo-Optical Instrumentation Engineers}
}
@article{Budge2006SimulationLadarSIM,
    title = {{Simulation and modeling of return waveforms from a ladar beam footprint in USU LadarSIM}},
    year = {2006},
    journal = {Proc. SPIE},
    author = {Budge, Scott and Leishman, Brad and Pack, Robert},
    pages = {62140N},
    volume = {6214},
    url = {http://proceedings.spiedigitallibrary.org/proceeding.aspx?articleid=1285551}%0Ahttp://proceedings.spiedigitallibrary.org/proceeding.aspx?doi=10.1117/12.666404%0Ahttp://dx.doi.org/10.1117/12.666404},
    isbn = {0819462705},
    doi = {10.1117/12.666404},
    issn = {0277786X}
}
@article{williams2017optimization,
  title={Optimization of eyesafe avalanche photodiode lidar for automobile safety and autonomous navigation systems},
  author={Williams, George M},
  journal={Optical Engineering},
  volume={56},
  number={3},
  pages={031224},
  year={2017},
  publisher={International Society for Optics and Photonics}
}
@article{wojtanowski2014comparison,
  title={Comparison of 905 nm and 1550 nm semiconductor laser rangefindersâ€™ performance deterioration due to adverse environmental conditions},
  author={Wojtanowski, J and Zygmunt, M and Kaszczuk, M and Mierczyk, Z and Muzal, M},
  journal={Opto-Electronics Review},
  volume={22},
  number={3},
  pages={183--190},
  year={2014},
  publisher={Versita}
}
@article{adams2000lidar,
  title={Lidar design, use, and calibration concepts for correct environmental detection},
  author={Adams, Martin D},
  journal={IEEE Transactions on Robotics and Automation},
  volume={16},
  number={6},
  pages={753--761},
  year={2000},
  publisher={IEEE}
}

%% Chapter3 background

% Filters
@article{Smith1997IntroductionFilters,
    title = {{Introduction to Digital Filters}},
    year = {1997},
    journal = {The Scientist and Engineer's Guide to Digital Signal Processing},
    author = {Smith, Steven W.},
    isbn = {0-9660176-3-3},
    doi = {10.1118/1.594889}
}

% 
@article{ruotsalainen2001wide,
  title={A wide dynamic range receiver channel for a pulsed time-of-flight laser radar},
  author={Ruotsalainen, Tarmo and Palojarvi, Pasi and Kostamovaara, Juha},
  journal={IEEE Journal of Solid-State Circuits},
  volume={36},
  number={8},
  pages={1228--1238},
  year={2001},
  publisher={IEEE}
}
@inproceedings{kurtti2009pulse,
  title={Pulse width time walk compensation method for a pulsed time-of-flight laser rangefinder},
  author={Kurtti, Sami and Kostamovaara, Juha},
  booktitle={Instrumentation and Measurement Technology Conference, 2009. I2MTC'09. IEEE},
  pages={1059--1062},
  year={2009},
  organization={IEEE}
}
@article{kurtti2011integrated,
  title={An integrated laser radar receiver channel utilizing a time-domain walk error compensation scheme},
  author={Kurtti, Sami and Kostamovaara, Juha},
  journal={IEEE Transactions on instrumentation and measurement},
  volume={60},
  number={1},
  pages={146--157},
  year={2011},
  publisher={IEEE}
}
@article{nissinen2009integrated,
  title={Integrated receiver including both receiver channel and TDC for a pulsed time-of-flight laser rangefinder with cm-level accuracy},
  author={Nissinen, Jan and Nissinen, Ilkka and Kostamovaara, Juha},
  journal={IEEE journal of solid-state circuits},
  volume={44},
  number={5},
  pages={1486--1497},
  year={2009},
  publisher={IEEE}
}
@article{skolnik1962introduction,
  title={Introduction to radar},
  author={Skolnik, Merrill I},
  journal={Radar handbook},
  volume={2},
  year={1962},
  publisher={McGraw-hill}
}
@article{kilpela1998timing,
  title={Timing discriminator for pulsed time-of-flight laser rangefinding measurements},
  author={Kilpel{\"a}, Ari and Ylitalo, Juha and M{\"a}{\"a}tt{\"a}, Kari and Kostamovaara, Juha},
  journal={Review of Scientific Instruments},
  volume={69},
  number={5},
  pages={1978--1984},
  year={1998},
  publisher={AIP}
}
@book{nakhostin2017signal,
  title={Signal Processing for Radiation Detectors},
  author={Nakhostin, Mohammad},
  year={2017},
  publisher={John Wiley \& Sons}
}
@book{mitra2006digital,
  title={Digital signal processing: a computer-based approach},
  author={Mitra, Sanjit Kumar and Kuo, Yonghong},
  volume={2},
  year={2006},
  publisher={McGraw-Hill New York}
}
%%chapter 8: ADC
@article{bourke1988calculating,
  title={Calculating the area and centroid of a polygon},
  author={Bourke, Paul},
  journal={Swinburne Univ. of Technology},
  year={1988}
}
%% MF
@article{burns1991system,
  title={System design of a pulsed laser rangefinder},
  author={Burns, Hoyt N and Christodoulou, Christos G and Boreman, Glenn D},
  journal={Optical Engineering},
  volume={30},
  number={3},
  pages={323--330},
  year={1991},
  publisher={International Society for Optics and Photonics}
}
@book{kay1998fundamentals,
  title={Fundamentals of Statistical Signal Processing: Detection theory},
  author={Kay, S.M.},
  isbn={9780135041352},
  lccn={92029495},
  series={Prentice Hall Signal Processing Series},
  url={https://books.google.com/books?id=vA9LAQAAIAAJ},
  year={1998},
  publisher={Prentice-Hall PTR}
}
@article{wall1979practical,
  title={Practical statistics for astronomers. I-Definitions, the normal distribution, detection of signal},
  author={Wall, JV},
  journal={Quarterly Journal of the Royal Astronomical Society},
  volume={20},
  pages={138--152},
  year={1979}
}
@article{neyman1933problem,
  title={On the problem of the most efficient tests of statistical inference},
  author={Neyman, J and Pearson, ES},
  journal={Biometrika A},
  volume={20},
  pages={175--240},
  year={1933}
}