
@misc{TheMendeleySupportTeam2011GettingMendeley,
    title = {{Getting Started with Mendeley}},
    year = {2011},
    booktitle = {Mendeley Desktop},
    author = {{The Mendeley Support Team}},
    pages = {1--16},
    publisher = {Mendeley Ltd.},
    url = {http://www.mendeley.com},
    address = {London},
    keywords = {Mendeley, how-to, user manual}
}

@article{Basu2009ReviewConversion,
    title = {{Review of near-field thermal radiation and its application to energy conversion}},
    year = {2009},
    author = {Basu, S and Zhang, Z M and Fu, C J},
    number = {April},
    pages = {1203--1232},
    doi = {10.1002/er},
    keywords = {fluctuational electrodynamics, near-field thermal radiation, thermophotovoltaics}
}

@article{Fu2006NanoscaleLevels,
    title = {{Nanoscale radiation heat transfer for silicon at different doping levels}},
    year = {2006},
    journal = {International Journal of Heat and Mass Transfer},
    author = {Fu, C.J. and Zhang, Z.M.},
    number = {9-10},
    month = {5},
    pages = {1703--1718},
    volume = {49},
    url = {http://linkinghub.elsevier.com/retrieve/pii/S0017931005006502},
    doi = {10.1016/j.ijheatmasstransfer.2005.09.037},
    issn = {00179310},
    keywords = {doped silicon, fluctuational electrodynamics, microscale and nanoscale, near-field thermal radiation}
}

@article{Basu2010Near-FieldSilicon,
    title = {{Near-Field Radiation Calculated With an Improved Dielectric Function Model for Doped Silicon}},
    year = {2010},
    journal = {Journal of Heat Transfer},
    author = {Basu, S. and Lee, B. J. and Zhang, Z. M.},
    number = {2},
    pages = {023302},
    volume = {132},
    url = {http://link.aip.org/link/JHTRAO/v132/i2/p023302/s1&Agg=doi},
    doi = {10.1115/1.4000179},
    issn = {00221481},
    keywords = {doped silicon, lateral shift, near-field radiation}
}

@article{Lee2008CoherentFilm.,
    title = {{Coherent thermal emission by excitation of magnetic polaritons between periodic strips and a metallic film.}},
    year = {2008},
    journal = {Optics Express},
    author = {Lee, B J and Wang, L P and Zhang, Z M},
    number = {15},
    pages = {11328--11336},
    volume = {16},
    publisher = {OSA},
    url = {http://www.ncbi.nlm.nih.gov/pubmed/18648451},
    institution = {George W. Woodruff School of Mechanical Engineering Georgia Institute of Technology, Atlanta, GA 30332, USA.},
    pmid = {18648451},
    keywords = {artificial, hot temperature, infrared rays, lighting, lighting methods, magnetics, membranes, metals, metals chemistry, refractometry, refractometry methods}
}

@article{Coisson2004SpatialRadiation,
    title = {{Spatial Coherence of Synchrotron Radiation}},
    year = {2004},
    journal = {Applied Optics},
    author = {Coisson, R and Marchesini, S},
    number = {5},
    pages = {904--908},
    volume = {34},
    publisher = {OSA},
    url = {http://arxiv.org/abs/physics/0401021}
}

@article{Smith1997IntroductionFilters,
    title = {{Introduction to Digital Filters}},
    year = {1997},
    journal = {The Scientist and Engineer's Guide to Digital Signal Processing},
    author = {Smith, Steven W.},
    isbn = {0-9660176-3-3},
    doi = {10.1118/1.594889}
}

@book{Smith2007IntroductionApplications,
    title = {{Introduction to digital filters with audio applications}},
    year = {2007},
    author = {Smith, Julius Orion},
    volume = {2},
    publisher = {Julius Smith}
}

@book{Kittel2004ElementaryPhysics,
    title = {{Elementary statistical physics}},
    year = {2004},
    author = {Kittel, Charles},
    pages = {141--149},
    publisher = {Courier Corporation}
}

@article{Blanter2000ShotConductors,
    title = {{Shot noise in mesoscopic conductors}},
    year = {2000},
    journal = {Physics reports},
    author = {Blanter, Ya M and B{\"{u}}ttiker, Markus},
    number = {1-2},
    pages = {1--166},
    volume = {336},
    publisher = {Elsevier}
}

@article{hoover2000locating,
  title={Locating blood vessels in retinal images by piecewise threshold probing of a matched filter response},
  author={Hoover, AD and Kouznetsova, Valentina and Goldbaum, Michael},
  journal={IEEE Transactions on Medical imaging},
  volume={19},
  number={3},
  pages={203--210},
  year={2000},
  publisher={IEEE}
}

@article{seto2001possibility,
  title={Possibility of direct measurement of the acceleration of the universe using 0.1 Hz band laser interferometer gravitational wave antenna in space},
  author={Seto, Naoki and Kawamura, Seiji and Nakamura, Takashi},
  journal={Physical Review Letters},
  volume={87},
  number={22},
  pages={221103},
  year={2001},
  publisher={APS}
}

@book{kay1998fundamentals,
  title={Fundamentals of Statistical Signal Processing: Detection theory},
  author={Kay, S.M.},
  isbn={9780135041352},
  lccn={92029495},
  series={Prentice Hall Signal Processing Series},
  url={https://books.google.com/books?id=vA9LAQAAIAAJ},
  year={1998},
  publisher={Prentice-Hall PTR}
}


@inproceedings{lundberg20003d,
  title={3D matched filter for detection of land mines using spatio-temporal thermal modeling},
  author={Lundberg, Magnus and Gu, Irene YH},
  booktitle={Detection and Remediation Technologies for Mines and Minelike Targets V},
  volume={4038},
  pages={179--189},
  year={2000},
  organization={International Society for Optics and Photonics}
}

@techreport{buschelman2012nonparametric,
  title={A Nonparametric Approach to Segmentation of Ladar Images},
  author={Buschelman, Eric A},
  year={2012},
  institution={AIR FORCE INST OF TECH WRIGHT-PATTERSON AFB OH GRADUATE SCHOOL OF ENGINEERING AND MANAGEMENT}
}

@article{roman2000parametric,
  title={Parametric adaptive matched filter for airborne radar applications},
  author={Roman, Jaime R and Rangaswamy, Muralidhar and Davis, Dennis W and Zhang, Qingwen and Himed, Braham and Michels, James H},
  journal={IEEE Transactions on Aerospace and Electronic Systems},
  volume={36},
  number={2},
  pages={677--692},
  year={2000},
  publisher={IEEE}
}

@article{gronwall2007influence,
  title={Influence of laser radar sensor parameters on range-measurement and shape-fitting uncertainties},
  author={Gr{\"o}nwall, Christina Anna and Steinvall, Ove K and Gustafsson, Fredrik and Chevalier, Tomas R},
  journal={Optical Engineering},
  volume={46},
  number={10},
  pages={106201},
  year={2007},
  publisher={International Society for Optics and Photonics}
}
@article{gu2002detecting,
  title={Detecting and locating landmine fields from vehicle-and air-borne measured IR images},
  author={Gu, Irene Yu-Hua and Tjahjadi, Tardi},
  journal={Pattern Recognition},
  volume={35},
  number={12},
  pages={3001--3014},
  year={2002},
  publisher={Elsevier}
}
@inproceedings{richmond2010direct,
  title={Direct-detection LADAR systems},
  author={Richmond, Richard and Cain, Stephen},
  year={2010},
  organization={Society of Photo-Optical Instrumentation Engineers}
}