@article{Gu2002,
    title = {{Detecting and locating landmine fields from vehicle- and air-borne measured IR images}},
    year = {2002},
    journal = {Pattern Recognition},
    author = {Gu, Irene Yu Hua and Tjahjadi, Tardi},
    number = {12},
    pages = {3001--3014},
    volume = {35},
    isbn = {0031-3203},
    doi = {10.1016/S0031-3203(02)00020-1},
    issn = {00313203},
    keywords = {Airborne imaging, Feature detection, Infrared (IR) images, Isotropic filter, Landmine detection, Locating landmine fields, Matched filter, Multiresolution analysis, Target enhancement, Vehicle-borne imaging}
}

@article{Steinvall2007,
    title = {{Influence of laser radar sensor parameters on range-measurement and shape-fitting uncertainties}},
    year = {2007},
    journal = {Optical Engineering},
    author = {Steinvall, Ove},
    number = {10},
    pages = {106201},
    volume = {46},
    url = {http://opticalengineering.spiedigitallibrary.org/article.aspx?doi=10.1117/1.2789654},
    isbn = {0091-3286},
    doi = {10.1117/1.2789654},
    issn = {0091-3286}
}

@article{Cho2014ASearch,
    title = {{"A Multi-Sensor Fusion System for Moving Object Detection and Tracking in Urban Driving Environments" - Google Search}},
    year = {2014},
    author = {Cho, Hyunggi and Seo, Young-woo and Kumar, B V K Vijaya and Rajkumar, Ragunathan Raj},
    pages = {1836--1843},
    url = {https://www.google.com/webhp?sourceid=chrome-instant&ion=1&espv=2&ie=UTF-8#q=%22A+Multi-Sensor+Fusion+System+for+Moving+Object+Detection+and+Tracking+in+Urban+Driving+Environments%22},
    isbn = {9781479936854},
    keywords = {Computer Vision for Robotics and Automation, Object detection, segmentation, categorization, Sensor Fusion}
}

@article{Cho2014ASearchb,
    title = {{"A Multi-Sensor Fusion System for Moving Object Detection and Tracking in Urban Driving Environments" - Google Search}},
    year = {2014},
    author = {Cho, Hyunggi and Seo, Young-woo and Kumar, B V K Vijaya and Rajkumar, Ragunathan Raj},
    pages = {1836--1843},
    url = {https://www.google.com/webhp?sourceid=chrome-instant&ion=1&espv=2&ie=UTF-8#q=%22A+Multi-Sensor+Fusion+System+for+Moving+Object+Detection+and+Tracking+in+Urban+Driving+Environments%22},
    isbn = {9781479936854}
}

@article{Kim2001lttitlegtComparisonCommunicationslt/titlegt,
    title = {{{\&}lt;title{\&}gt;Comparison of laser beam propagation at 785 nm and 1550 nm in fog and haze for optical wireless communications{\&}lt;/title{\&}gt;}},
    year = {2001},
    author = {Kim, Isaac I. and McArthur, Bruce and Korevaar, Eric J.},
    pages = {26--37},
    url = {http://proceedings.spiedigitallibrary.org/proceeding.aspx?articleid=895905},
    isbn = {8587928503},
    doi = {10.1117/12.417512},
    issn = {0277786X},
    pmid = {6763},
    keywords = {1550 nm, 785 nm, 850 nm, atmospheric attenuation, edfa, erbium doped, fiber amplifiers, fog, free-space, haze, infrared, laser communication, lasercom, last mile bottleneck, last mile problem, last mile solution, mie scattering, optical wireless, particle size distribution, s, telecommunications, visibility}
}

@article{Gatt2001lttitlegtLaserReceiverslt/titlegt,
    title = {{{\&}lt;title{\&}gt;Laser radar detection statistics: a comparison of coherent and direct-detection receivers{\&}lt;/title{\&}gt;}},
    year = {2001},
    author = {Gatt, Philip and Henderson, Sammy W.},
    number = {September 2001},
    pages = {251--262},
    url = {http://proceedings.spiedigitallibrary.org/proceeding.aspx?articleid=913675},
    doi = {10.1117/12.440113},
    issn = {0277786X},
    keywords = {laser radar detection statistics}
}

@article{Schottky19181Noise,
    title = {{1 1.1 Shot Noise}},
    year = {1918},
    author = {Schottky, Walter and Noise, Shot and Noise, Shot},
    pages = {1--6}
}

@article{12Oscilloscope,
    title = {{12 Things To Consider When Choosing 12 Things To Consider When Choosing an Oscilloscope}}
}

@article{1550Friend,
    title = {{1550 nm Nanosecond Pulsed Laser Module , 10 ­ 1000 ns , 100 Hz ­ 1 MHz Base Price : Contact Sales Send to a Friend}}
}

@article{3Friend,
    title = {{3 GHz High Gain Avalanche Photoreceiver Module ( Legacy ) Send to a Friend}}
}

@article{Nguyen20133DSurvey,
    title = {{3D point cloud segmentation: A survey}},
    year = {2013},
    journal = {IEEE Conference on Robotics, Automation and Mechatronics, RAM - Proceedings},
    author = {Nguyen, Anh and Le, Bac},
    number = {November},
    pages = {225--230},
    isbn = {9781479911998},
    doi = {10.1109/RAM.2013.6758588},
    issn = {2158219X},
    pmid = {14706220},
    arxivId = {15334406}
}

@article{Schmidt20123DMars,
    title = {{3D sensor development to support EDL (entry, descent, and landing) for autonomous missions to Mars}},
    year = {2012},
    author = {Schmidt, Bodo and Tuvey, Stewart and Banks, Paul S.},
    number = {October 2012},
    pages = {851905},
    volume = {851905},
    url = {http://proceedings.spiedigitallibrary.org/proceeding.aspx?doi=10.1117/12.931665},
    isbn = {9780819487742},
    doi = {10.1117/12.931665},
    issn = {0277786X},
    keywords = {3d flash lidar, edl, entry descent and landing, high resolution, mars}
}

@article{Wu20153dShapes,
    title = {{3d shapenets: A deep representation for volumetric shapes}},
    year = {2015},
    author = {Wu, Zhirong},
    pages = {1912–1920},
    isbn = {9781467369640},
    doi = {10.1109/CVPR.2015.7298801},
    arxivId = {arXiv:1406.5670v3}
}

@article{Wu20153dShapesb,
    title = {{3d shapenets: A deep representation for volumetric shapes}},
    year = {2015},
    author = {Wu, Zhirong},
    pages = {1912–1920},
    isbn = {9781467369640},
    doi = {10.1109/CVPR.2015.7298801},
    arxivId = {arXiv:1406.5670v3}
}

@article{Wu20153DShapesc,
    title = {{3D ShapeNets: A deep representation for volumetric shapes}},
    year = {2015},
    journal = {Proceedings of the IEEE Computer Society Conference on Computer Vision and Pattern Recognition},
    author = {Wu, Zhirong and Song, Shuran and Khosla, Aditya and Yu, Fisher and Zhang, Linguang and Tang, Xiaoou and Xiao, Jianxiong},
    pages = {1912--1920},
    volume = {07-12-June},
    isbn = {9781467369640},
    doi = {10.1109/CVPR.2015.7298801},
    issn = {10636919},
    pmid = {18825524},
    arxivId = {1406.5670}
}

@article{Wu20153dShapesd,
    title = {{3d shapenets: A deep representation for volumetric shapes}},
    year = {2015},
    author = {Wu, Zhirong},
    pages = {1912–1920},
    isbn = {9781467369640},
    doi = {10.1109/CVPR.2015.7298801},
    arxivId = {arXiv:1406.5670v3}
}

@article{Converter20164-ChannelConverter,
    title = {{4-Channel Time-to-Digital Converter}},
    year = {2016},
    author = {Converter, Time-to-digital},
    pages = {1--76}
}

@article{Converter20164-ChannelConverterb,
    title = {{4-Channel Time-to-Digital Converter}},
    year = {2016},
    author = {Converter, Time-to-digital},
    pages = {1--76}
}

@article{Corporation1800818Calibrated,
    title = {{818 Series Calibrated}},
    year = {1800},
    author = {Corporation, Newport and Headquarters, Global}
}

@article{Newport818Guide,
    title = {{818 Series Photodetector Guide}},
    journal = {Manual},
    author = {{Newport}},
    pages = {10}
}

@article{Specifications20109Source,
    title = {{9 CWDM DFB Laser Source}},
    year = {2010},
    journal = {Phoenix Usa},
    author = {Specifications, Technical and Description, Product and Diagram, Front Panel},
    number = {January}
}

@article{2000UPXEnglish.pdf,
    title = {{<UPX 1.0 license - English.pdf>}},
    year = {2000}
}

@article{BijUVepHJfVhVfmpiHepegaa_cfLKpIlp98P,
    title = {{?UVepHJfVhVfmpiHepegaa{\_}cfLKpIlp;98 ;{\&}G G p 8H{\^{}}{\_}fLJ{\^{}}{\_}Y{\_}SVLpLp {\^{}}H{\^{}}{\_}{\textbackslash}HfLcVHYVpaLcpVpIL{\^{}}VpJgYfgcHYV p ?{\&}{\#}6 p<LeLHcJUp;c{\_}ScH{\textbackslash} p}},
    author = {Bij, B U U},
    pages = {2--6}
}

@article{Niclass2011ACMOS,
    title = {{A 100m-range 10-frame/s 340x96-pixel time-of-flight depth sensor in 0.18{$\mu$}m CMOS}},
    year = {2011},
    journal = {European Solid-State Circuits Conference},
    author = {Niclass, Cristiano and Soga, Mineki and Matsubara, Hiroyuki and Kato, Satoru},
    pages = {107--110},
    isbn = {9781457707018},
    doi = {10.1109/ESSCIRC.2011.6044926},
    issn = {19308833},
    keywords = {Depth sensor, time-of-flight, single-photon detect}
}

@article{Gyongy2018AApplications,
    title = {{A 256×256 , 100-kfps, 61{\%} Fill-Factor SPAD Image Sensor for Time-Resolved Microscopy Applications}},
    year = {2018},
    journal = {IEEE Transactions on Electron Devices},
    author = {Gyongy, Istvan and Calder, Neil and Davies, Amy and Dutton, Neale A.W. and Duncan, Rory R. and Rickman, Colin and Dalgarno, Paul and Henderson, Robert K.},
    number = {2},
    pages = {547--554},
    volume = {65},
    doi = {10.1109/TED.2017.2779790},
    issn = {00189383},
    keywords = {CMOS single-photon avalanche diode (SPAD), quanta image sensor, single-photon counting (SPC), switched current source (SCS) counter}
}

@article{Faes2015ACMOS,
    title = {{A 280 ps - 7.5 ns UWB Pulse Generator with Amplitude Compensation in 40 nm CMOS}},
    year = {2015},
    journal = {2015 IEEE International Conference on Ubiquitous Wireless Broadband, ICUWB 2015},
    author = {Faes, B. and Reynaert, P. and Leroux, P.},
    pages = {7--10},
    isbn = {9781467365550},
    doi = {10.1109/ICUWB.2015.7324393},
    keywords = {Baseband, Mixers, Pulse generation, Pulse measurements, Simulation, Voltage control, Voltage-controlled oscillators}
}

@article{Fersch2017ASystems,
    title = {{A CDMA Modulation Technique for Automotive Time-of-Flight LiDAR Systems}},
    year = {2017},
    journal = {IEEE Sensors Journal},
    author = {Fersch, Thomas and Weigel, Robert and Koelpin, Alexander},
    number = {11},
    pages = {3507--3516},
    volume = {17},
    doi = {10.1109/JSEN.2017.2688126},
    issn = {1530437X},
    keywords = {Laser radar, LiDAR, OCDMA modulation, time-of-flight}
}

@article{Rohit2013ATechniques,
    title = {{A Comparative Study of Various Types of Image Noise and Efficient Noise Removal Techniques}},
    year = {2013},
    journal = {International Journal of Advanced Research in Computer Science and Software Engineering},
    author = {Rohit, Verma and Ali, Jahid},
    number = {10},
    pages = {2277--128},
    volume = {3},
    keywords = {---median filter, adaptive filter, gaussian noise, mean filter, pepper noise, salt}
}

@article{Ball2017ACommunity,
    title = {{A Comprehensive Survey of Deep Learning in Remote Sensing: Theories, Tools and Challenges for the Community}},
    year = {2017},
    author = {Ball, John E. and Anderson, Derek T. and Chan, Chee Seng},
    number = {vii},
    pages = {1--64},
    url = {http://arxiv.org/abs/1709.00308%0Ahttp://dx.doi.org/10.1117/1.JRS.11.042609},
    doi = {10.1117/1.JRS.11.042609},
    issn = {1931-3195},
    arxivId = {1709.00308},
    keywords = {ball, big data, computer vision, deep learning, ece, edu, hyperspectral, jeball, john e, msstate, multispectral, remote sensing}
}

@article{Lai2015AData,
    title = {{A denoising method for LiDAR full-waveform data}},
    year = {2015},
    journal = {Mathematical Problems in Engineering},
    author = {Lai, Xudong and Zheng, Min},
    volume = {2015},
    doi = {10.1155/2015/164318},
    issn = {15635147}
}

@article{Sampietro1995ASpectroscopy,
    title = {{A digital system for "optimum" resolution in x-ray spectroscopy}},
    year = {1995},
    journal = {Review of Scientific Instruments},
    author = {Sampietro, M. and Bertuccio, G. and Geraci, A. and Fazzi, A.},
    number = {2},
    pages = {975--981},
    volume = {66},
    doi = {10.1063/1.1145632},
    issn = {00346748}
}

@article{Fersch2017ASignals,
    title = {{A FPGA correlation receiver for CDMA encoded LiDAR signals}},
    year = {2017},
    journal = {PRIME 2017 - 13th Conference on PhD Research in Microelectronics and Electronics, Proceedings},
    author = {Fersch, Thomas and Alam, Md Ferdous and Weigel, Robert and Koelpin, Alexander},
    pages = {289--292},
    isbn = {9781509065073},
    doi = {10.1109/PRIME.2017.7974164},
    keywords = {FPGA, Laser radar, LiDAR, correlation receiver, time-of-flight}
}

@article{Dumoulin2016ALearning,
    title = {{A guide to convolution arithmetic for deep learning}},
    year = {2016},
    author = {Dumoulin, Vincent and Visin, Francesco},
    pages = {1--31},
    url = {http://arxiv.org/abs/1603.07285},
    isbn = {9783319105895},
    doi = {10.1051/0004-6361/201527329},
    issn = {16113349},
    pmid = {26353135},
    arxivId = {1603.07285}
}

@article{Huang2018AChallenge,
    title = {{A High-Rate , Heterogeneous Data Set from the Darpa Urban Challenge The MIT Faculty has made this article openly available . Please share Citation Accessed Citable Link Detailed Terms A high-rate , heterogeneous data set from the DARPA Urban Challenge}},
    year = {2018},
    author = {Huang, Albert S and Antone, Matthew and Olson, Edwin and Fletcher, Luke and Moore, David and Teller, Seth and Leonard, John}
}

@article{Premebida2007ATracking,
    title = {{A Lidar and vision-based approach for pedestrian and vehicle detection and tracking}},
    year = {2007},
    journal = {IEEE Conference on Intelligent Transportation Systems, Proceedings, ITSC},
    author = {Premebida, Cristiano and Monteiro, Gonçalo and Nunes, Urbano and Peixoto, Paulo},
    pages = {1044--1049},
    isbn = {1424413966},
    doi = {10.1109/ITSC.2007.4357637},
    keywords = {Laser, Pedestrian Detection, Vehicle Detection, Vision}
}

@article{Davis2016ASteerers,
    title = {{A lightweight, rugged, solid state laser radar system enabled by non-mechanical electro-optic beam steerers}},
    year = {2016},
    author = {Davis, Scott R. and Rommel, Scott D. and Gann, Derek and Luey, Ben and Gamble, Joseph D. and Ziemkiewicz, Michael and Anderson, Mike},
    pages = {98320K},
    url = {http://proceedings.spiedigitallibrary.org/proceeding.aspx?doi=10.1117/12.2223272},
    isbn = {9781510600737},
    doi = {10.1117/12.2223272},
    issn = {1996756X},
    keywords = {1, and preliminary test results, electro-optic laser scanner, in this paper we, introduction, ladar, liquid crystal, non-mechanical beamsteerer, of fully non-mechanical, overview, real-time 3d solid state, solid state lidar, waveguide, will present the design}
}

@article{Valadarsky2017ARouting,
    title = {{A Machine Learning Approach to Routing}},
    year = {2017},
    author = {Valadarsky, Asaf and Schapira, Michael and Shahaf, Dafna and Tamar, Aviv},
    url = {http://arxiv.org/abs/1708.03074},
    isbn = {4012543482},
    doi = {10.3390/s17010018},
    issn = {1611-3349},
    pmid = {20879418},
    arxivId = {1708.03074},
    keywords = {3d lidar sensor, learning, machine vision and machine, pedestrian detection}
}

@article{Oconnor2010AMeasurements,
    title = {{A method for estimating the turbulent kinetic energy dissipation rate from a vertically pointing doppler lidar, and independent evaluation from balloon-borne in situ measurements}},
    year = {2010},
    journal = {Journal of Atmospheric and Oceanic Technology},
    author = {O'connor, Ewan J. and Illingworth, Anthony J. and Brooks, Ian M. and Westbrook, Christopher D. and Hogan, Robin J. and Davies, Fay and Brooks, And Barbara J},
    number = {10},
    pages = {1652--1664},
    volume = {27},
    doi = {10.1175/2010JTECHA1455.1},
    issn = {07390572},
    keywords = {In situ observations, Instrumentation/sensors, Kinetic energy, Lidars/lidar observations, Turbulence}
}

@article{Li2010AFilter,
    title = {{A multiple object tracking method using Kalman filter}},
    year = {2010},
    journal = {Information and Automation (ICIA) {\ldots}},
    author = {Li, Xin and Wang, Kejun and Wang, Wei and Li, Yang},
    number = {1},
    pages = {1862--1866},
    volume = {1},
    url = {http://ieeexplore.ieee.org/xpls/abs_all.jsp?arnumber=5512258},
    isbn = {9781424457045},
    doi = {10.1109/ICINFA.2010.5512258},
    keywords = {Kalam filter, Occlusion, motion model, multi-object tracking}
}

@article{AR,
    title = {{a N D a R}}
}

@article{Leonard2008AVehicle,
    title = {{A Perception-Driven Autonomous Urban Vehicle}},
    year = {2008},
    author = {Leonard, John and How, Jonathan and Teller, Seth and Berger, Mitch and Campbell, Stefan and Fiore, Gaston and Fletcher, Luke and Frazzoli, Emilio and Huang, Albert and Karaman, Sertac and Koch, Olivier and Moore, David and Olson, Edwin and Peters, Steve and Teo, Justin and Truax, Robert and Walter, Matthew and Barrett, David and Epstein, Alexander and Maheloni, Keoni and Moyer, Katy and College, Franklin W Olin and Jones, Troy and Buckley, Ryan and Galejs, Robert and Krishnamurthy, Siddhartha},
    number = {February},
    pages = {727--774},
    volume = {25},
    doi = {10.1002/rob}
}

@article{Douillard2010AClouds,
    title = {{A pipeline for the segmentation and classification of 3D point clouds}},
    year = {2010},
    journal = {In ISER},
    author = {Douillard, B and Underwood, J and Vlaskine, V and Quadros, A and Singh, S},
    pages = {1--15},
    url = {http://link.springer.com/chapter/10.1007/978-3-642-28572-1_40}
}

@article{Buades2005AOne,
    title = {{A Review of Image Denoising Algorithms, with a New One}},
    year = {2005},
    journal = {Multiscale Modeling {\&} Simulation},
    author = {Buades, A. and Coll, B. and Morel, J. M.},
    number = {2},
    pages = {490--530},
    volume = {4},
    url = {http://epubs.siam.org/doi/10.1137/040616024},
    isbn = {0769523722},
    doi = {10.1137/040616024},
    issn = {1540-3459},
    pmid = {231665400006},
    arxivId = {arXiv:1011.1669v3},
    keywords = {040616024, 10, 1137, 62h35, adaptive, ams subject classification, doi, filters, frequency domain filters, image restoration, nonparametric estimation, pde smoothing filters}
}

@article{Guo2018ANetworks,
    title = {{A review of semantic segmentation using deep neural networks}},
    year = {2018},
    journal = {International Journal of Multimedia Information Retrieval},
    author = {Guo, Yanming and Liu, Yu and Georgiou, Theodoros and Lew, Michael S.},
    number = {2},
    pages = {87--93},
    volume = {7},
    publisher = {Springer London},
    url = {https://doi.org/10.1007/s13735-017-0141-z},
    doi = {10.1007/s13735-017-0141-z},
    issn = {2192662X},
    keywords = {Computer vision, Convolutional neural networks, Deep learning, Image segmentation, Machine learning}
}

@article{Garcia-Garcia2017ASegmentation,
    title = {{A Review on Deep Learning Techniques Applied to Semantic Segmentation}},
    year = {2017},
    author = {Garcia-Garcia, Alberto and Orts-Escolano, Sergio and Oprea, Sergiu and Villena-Martinez, Victor and Garcia-Rodriguez, Jose},
    pages = {1--23},
    url = {http://arxiv.org/abs/1704.06857},
    isbn = {978-1-4471-4639-1},
    doi = {10.1007/978-1-4471-4640-7},
    arxivId = {1704.06857}
}

@article{Gao2016AEnvironments,
    title = {{A smartphone-based laser distance sensor for outdoor environments}},
    year = {2016},
    journal = {Proceedings - IEEE International Conference on Robotics and Automation},
    author = {Gao, Jason H. and Peh, Li Shiuan},
    pages = {2922--2929},
    volume = {2016-June},
    isbn = {9781467380263},
    doi = {10.1109/ICRA.2016.7487457},
    issn = {10504729}
}

@misc{Marcum1947ARadar.pdf,
    title = {{A Statistical Theory of Target Detection by Pulsed Radar.pdf}},
    year = {1947},
    author = {Marcum, J}
}

@article{Tai2016AImitation,
    title = {{A Survey of Deep Network Solutions for Learning Control in Robotics: From Reinforcement to Imitation}},
    year = {2016},
    author = {Tai, Lei and Zhang, Jingwei and Liu, Ming and Boedecker, Joschka and Burgard, Wolfram},
    number = {8},
    pages = {1--16},
    volume = {14},
    url = {http://arxiv.org/abs/1612.07139},
    arxivId = {1612.07139}
}

@article{Bellekens2014AAlgorithms,
    title = {{A Survey of Rigid 3D Pointcloud Registration Algorithms}},
    year = {2014},
    journal = {AMBIENT 2014, The Fourth International Conference on Ambient Computing, Applications, Services and Technologies. 2014.},
    author = {Bellekens, Ben and Spruyt, Vincent and Weyn, Maarten},
    number = {c},
    pages = {8--13},
    isbn = {9781612083568},
    issn = {1942-2679},
    keywords = {3d pointcloud, 3d registration, mation, pcl, rigid transfor-, survey paper}
}

@article{Parekh2014AMethods,
    title = {{A survey on object detection and tracking methods}},
    year = {2014},
    journal = {International Journal of Innovative Research in Computer and Communication Engineering},
    author = {Parekh, HS and Thakore, DG and Jaliya, UK},
    number = {3},
    pages = {2970--2978},
    volume = {2},
    url = {https://scholar.google.com/scholar?q=A+Survey+on+Object+Detection+and+Tracking+Methods&btnG=&hl=en&as_sdt=0%2C5#0},
    keywords = {background modelling, object classification, object detection, object tracking, video surveillance}
}

@article{Ruotsalainen2001ARadar,
    title = {{A wide dynamic range receiver channel for a pulsed time-of-flight laser radar}},
    year = {2001},
    journal = {IEEE Journal of Solid-State Circuits},
    author = {Ruotsalainen, T. and Paloj{\"{a}}rvi, P. and Kostamovaara, J.},
    number = {8},
    pages = {1228--1238},
    volume = {36},
    isbn = {0018-9200},
    doi = {10.1109/4.938373},
    issn = {00189200},
    keywords = {Laser rangefinding, Optical receiver, Timing discrimination, Transimpedance amplifier}
}

@article{Katzenbeisser2003AboutSensors,
    title = {{About the calibration of lidar sensors}},
    year = {2003},
    journal = {ISPRS Workshop “3-D Reconstruction form Airborne Laser-Scanner and InSAR data"},
    author = {Katzenbeisser, Rolf},
    number = {October},
    pages = {6},
    url = {http://www.isprs.org/proceedings/XXXIV/3-W13/papers/Katzenbeisser_ALSDD2003.pdf},
    keywords = {bore-sight alignment, error sources, laser altimetry, laser-scanning, lidar calibration, sensor design}
}

@article{Smalikho2013AccuracyProcessing,
    title = {{Accuracy of estimation of the turbulent energy dissipation rate from wind measurements with a conically scanning pulsed coherent Doppler lidar. Part I. Algorithm of data processing}},
    year = {2013},
    journal = {Atmospheric and Oceanic Optics},
    author = {Smalikho, I. N. and Banakh, V. A.},
    number = {5},
    pages = {404--410},
    volume = {26},
    url = {http://link.springer.com/10.1134/S102485601305014X},
    doi = {10.1134/S102485601305014X},
    issn = {1024-8560}
}

@article{Kuan1985AdaptiveNoise.,
    title = {{Adaptive Noise Smoothing Filter for Images With Signal-Dependent Noise.}},
    year = {1985},
    journal = {IEEE Transactions on Pattern Analysis and Machine Intelligence},
    author = {Kuan, Darwin T. and Sawchuk, Alexander A. and Strand, Timothy C. and Chavel, Pierre},
    number = {2},
    pages = {165--177},
    volume = {PAMI-7},
    isbn = {0162-8828 VO - PAMI-7},
    doi = {10.1109/TPAMI.1985.4767641},
    issn = {01628828},
    pmid = {21869255}
}

@phdthesis{AlhashimiAlhashimi_PhDThesis_StatisticalAlgorithms,
    title = {{Alhashimi{\_}PhDThesis{\_}Statistical Sensor Calibration Algorithms}},
    author = {Alhashimi, Anas Wasill},
    isbn = {9789177900849}
}

@article{Notes2014AmonicsApplication,
    title = {{Amonics Nano-second Pulsed Fiber for LiDAR Application}},
    year = {2014},
    author = {Notes, M-fa Application}
}

@article{Kurtti2011AnScheme,
    title = {{An integrated laser radar receiver channel utilizing a time-domain walk error compensation scheme}},
    year = {2011},
    journal = {IEEE Transactions on Instrumentation and Measurement},
    author = {Kurtti, Sami and Kostamovaara, Juha},
    number = {1},
    pages = {146--157},
    volume = {60},
    isbn = {0018-9456},
    doi = {10.1109/TIM.2010.2047663},
    issn = {00189456},
    keywords = {Laser radar, optical distance measurement, optical receivers, time domain analysis, time interval measurement, timing discrimination}
}

@article{D2006AnIntegrals,
    title = {{An introduction to Fourier series and integrals}},
    year = {2006},
    author = {D, Robert T},
    pages = {1--9},
    url = {http://public.eblib.com/choice/publicfullrecord.aspx?p=1909782},
    isbn = {978-0-486-15179-3}
}

@article{Joly2010AnFront-end,
    title = {{An optimal filter based algorithm for PET detectors with digital sampling front-end}},
    year = {2010},
    journal = {IEEE Transactions on Nuclear Science},
    author = {Joly, Baptiste and Montarou, Gérard and Lecoq, Jacques and Bohner, Gérard and Crouau, Michel and Brossard, Michel and Vert, Pierre Etienne},
    number = {1 PART 1},
    pages = {63--70},
    volume = {57},
    doi = {10.1109/TNS.2009.2031871},
    issn = {00189499},
    keywords = {Digital sampling front-end, Optimal filtering, Parameter estimation, Time of flight (tof) pet, Timing algorithm}
}

@article{Horaud2016AnTechnologies,
    title = {{An overview of depth cameras and range scanners based on time-of-flight technologies}},
    year = {2016},
    journal = {Machine Vision and Applications},
    author = {Horaud, Radu and Hansard, Miles and Evangelidis, Georgios and M{\~{A}}{\textcopyright}nier, ClÃ©ment},
    number = {7},
    pages = {1005--1020},
    volume = {27},
    doi = {10.1007/s00138-016-0784-4},
    issn = {14321769},
    keywords = {3D computer vision, Active light sensors, LIDAR, Range scanners, Single-photon avalanche diode, Time-of-flight cameras}
}

@article{Tags2016ApplicationNote,
    title = {{Application note}},
    year = {2016},
    author = {Tags, Rfid},
    number = {December},
    pages = {1--19},
    volume = {49},
    isbn = {2036392598},
    doi = {10.1002/em.20587.Genotoxicity},
    issn = {01419331},
    pmid = {18366567},
    arxivId = {arXiv:1503.07998v1}
}

@article{Remspec2002ApplicationNote,
    title = {{Application Note}},
    year = {2002},
    author = {{Remspec}},
    pages = {1--20},
    isbn = {2036392598},
    doi = {10.1016/0141-9331(92)90030-W},
    issn = {01419331},
    pmid = {18366567},
    arxivId = {arXiv:1503.07998v1}
}

@article{Calculation2015APPLICATION225,
    title = {{APPLICATION NOTE {\#} 225}},
    year = {2015},
    author = {Calculation, Polygon Size},
    number = {May}
}

@article{Whyte2015ApplicationImaging,
    title = {{Application of lidar techniques to time-of-flight range imaging}},
    year = {2015},
    journal = {Applied Optics},
    author = {Whyte, Refael and Streeter, Lee and Cree, Michael J. and Dorrington, Adrian A.},
    number = {33},
    pages = {9654},
    volume = {54},
    url = {https://www.osapublishing.org/abstract.cfm?URI=ao-54-33-9654},
    isbn = {1559128X},
    doi = {10.1364/AO.54.009654},
    issn = {0003-6935}
}

@article{HighAPR-3-M,
    title = {{APR-3-M}},
    author = {High, Ghz and Avalanche, Gain and Module, Photoreceiver}
}

@article{Ullman2016AtomsVision,
    title = {{Atoms of recognition in human and computer vision}},
    year = {2016},
    journal = {Proceedings of the National Academy of Sciences},
    author = {Ullman, Shimon and Assif, Liav and Fetaya, Ethan and Harari, Daniel},
    number = {10},
    pages = {2744--2749},
    volume = {113},
    url = {http://www.pnas.org/lookup/doi/10.1073/pnas.1513198113},
    isbn = {1091-6490 (Electronic){\textbackslash}r0027-8424 (Linking)},
    doi = {10.1073/pnas.1513198113},
    issn = {0027-8424},
    pmid = {26884200},
    arxivId = {arXiv:1408.1149}
}

@article{Matteoli2015AutomatedLIDAR,
    title = {{Automated underwater object recognition by means of fluorescence LIDAR}},
    year = {2015},
    journal = {IEEE Transactions on Geoscience and Remote Sensing},
    author = {Matteoli, Stefania and Corsini, Giovanni and Diani, Marco and Cecchi, Giovanna and Toci, Guido},
    number = {1},
    pages = {375--393},
    volume = {53},
    isbn = {0196-2892 VO - 53},
    doi = {10.1109/TGRS.2014.2322676},
    issn = {01962892},
    keywords = {Fluorescence spectroscopy, Light detection and ranging (LIDAR), Object detection, Underwater object recognition}
}

@article{Pandey2012AutomaticInformation,
    title = {{Automatic Targetless Extrinsic Calibration of a 3D Lidar and Camera by Maximizing Mutual Information}},
    year = {2012},
    journal = {Proceedings of the Twenty-Sixth AAAI Conference on Artificial Intelligence},
    author = {Pandey, Gaurav and Mcbride, James R and Savarese, Silvio and Eustice, Ryan M},
    pages = {2053--2059},
    url = {http://robots.engin.umich.edu/publications/gpandey-2014b.pdf},
    isbn = {9781577355687},
    doi = {10.1002/rob.21542},
    issn = {15564967},
    pmid = {22164016},
    arxivId = {10.1.1.91.5767},
    keywords = {Robotics (Special Track)}
}

@article{Seminar2016Automotive,
    title = {{Automotive Radar Signal Generation 、 Analysis And Test Challenges (}},
    year = {2016},
    author = {Seminar, Automotive Radar},
    pages = {21--22}
}

@article{Patole2017AutomotiveTechniques,
    title = {{Automotive Radars: A review of signal processing techniques}},
    year = {2017},
    journal = {IEEE Signal Processing Magazine},
    author = {Patole, Sujeet Milind and Torlak, Murat and Wang, Dan and Ali, Murtaza},
    number = {2},
    pages = {22--35},
    volume = {34},
    doi = {10.1109/MSP.2016.2628914},
    issn = {10535888}
}

@article{Luettel2012AutonomousFuture,
    title = {{Autonomous Ground Vehicles ―Concepts and a Path to the Future}},
    year = {2012},
    journal = {Proceedings of the IEEE},
    author = {Luettel, Thorsten and Himmelsbach, Michael and Wuensche, Hans -Joachim},
    number = {Special Centennial Issue},
    pages = {1831--1839},
    volume = {100},
    url = {http://ieeexplore.ieee.org/ielx5/5/6259910/06179503.pdf?tp=&arnumber=6179503&isnumber=6259910%5Cnhttp://ieeexplore.ieee.org/xpl/articleDetails.jsp?tp=&arnumber=6179503&ranges=2010_2013_p_Publication_Year&openAccess=true&queryText=robot},
    isbn = {0018-9219},
    doi = {10.1109/JPROC.2012.2189803},
    issn = {0018-9219},
    pmid = {11355381}
}

@article{NoteAvalancheMetrics,
    title = {{Avalanche Photodiode Receiver Performance Metrics}},
    author = {Note, Technical}
}

@article{Spectra-Physics2004AverageTutorial,
    title = {{Average and Peak Power - A Tutorial}},
    year = {2004},
    journal = {Newport},
    author = {{Spectra-Physics}},
    pages = {1},
    url = {http://assets.newport.com/webDocuments-EN/images/20063.pdf}
}

@article{Zhang2005BackgroundRadar,
    title = {{Background noise distribution before and after high-resolution processing in ship-borne radar}},
    year = {2005},
    journal = {Chinese Journal of Electronics},
    author = {Zhang, Zhong},
    number = {1},
    pages = {115--118},
    volume = {14},
    isbn = {0769523161},
    doi = {10.1049/ip-vis},
    issn = {10224653},
    pmid = {16775842},
    keywords = {Background clutter statistics, High resolution processing, Ship-borne HFSWR (High frequency surface wave rada}
}

@article{Suss2016BenchmarkingTechniques,
    title = {{Benchmarking time-of-flight based depth measurement techniques}},
    year = {2016},
    author = {S{\"{u}}ss, Andreas and Rochus, Veronique and Rosmeulen, Maarten and Rottenberg, Xavier},
    number = {0},
    pages = {975118},
    volume = {9751},
    url = {http://proceedings.spiedigitallibrary.org/proceeding.aspx?doi=10.1117/12.2212478},
    doi = {10.1117/12.2212478},
    keywords = {coincidence detection, continuous-wave modulation, cw-itof, eye-safety, flash-lidar, itof, lidar, pm-, pulsed modulation, scanning-lidar, single-photon synchronous detection, spsd, tcspc, time-correlated single photon counting, time-of-flight, tof}
}

@misc{Bennett_1948_SpectraSignals.pdf,
    title = {{Bennett{\_}1948{\_}Spectra of quantized signals.pdf}}
}

@article{Lay-ekuakille2003BINOMIALCONTENT,
    title = {{BINOMIAL FILTERING TO IMPROVE BACKSCATTERED LIDAR SIGNAL CONTENT}},
    year = {2003},
    author = {Lay-ekuakille, Aimé and Trotta, Amerigo},
    number = {1},
    pages = {2--5},
    keywords = {1, 2, backscattering noise, by means of lidar, can be treated with, in the laser detection, kaiser algorithm, lidar, remote sensing, there are five, types of noise that, water vapor digital filtering}
}

@article{Fersch2017ChallengesDesign,
    title = {{Challenges in miniaturized automotive long-range lidar system design}},
    year = {2017},
    author = {Fersch, Thomas and Weigel, Robert and Koelpin, Alexander},
    number = {May 2017},
    pages = {102190T},
    url = {http://proceedings.spiedigitallibrary.org/proceeding.aspx?doi=10.1117/12.2260894},
    isbn = {9781510609396},
    doi = {10.1117/12.2260894},
    issn = {1996756X},
    keywords = {automotive, avalanche photo diode, laser radar, lidar, time-of-flight}
}

@article{Xiao2013ChangeSystem,
    title = {{Change Detection in 3D Point Clouds Acquired by a Mobile Mapping System}},
    year = {2013},
    journal = {ISPRS Annals of Photogrammetry, Remote Sensing and Spatial Information Sciences},
    author = {Xiao, W. and Vallet, B. and Paparoditis, N.},
    number = {November},
    pages = {331--336},
    volume = {II-5/W2},
    url = {http://www.isprs-ann-photogramm-remote-sens-spatial-inf-sci.net/II-5-W2/331/2013/},
    doi = {10.5194/isprsannals-II-5-W2-331-2013},
    issn = {2194-9050},
    keywords = {3d, change detection, dempster, mobile laser scanning, occupancy, point cloud, shafer theory}
}

@article{Smith2003ChebyshevFilters,
    title = {{Chebyshev Filters}},
    year = {2003},
    journal = {Digital Signal Processing},
    author = {Smith, Steven W.},
    pages = {333--342},
    url = {http://linkinghub.elsevier.com/retrieve/pii/B9780750674447500571},
    isbn = {0-9660176-3-3},
    doi = {10.1016/B978-0-7506-7444-7/50057-1},
    issn = {2155-5222}
}

@article{Discriminators1996ChoosingDiscriminators,
    title = {{Choosing the Right Timing Discriminator for the Application Fast-Timing Discriminators}},
    year = {1996},
    journal = {Time},
    author = {Discriminators, Fast-timing},
    number = {1973},
    pages = {47--57}
}

@article{Henderson1993CoherentLasers,
    title = {{Coherent laser radar at 2 mm using solid-state lasers}},
    year = {1993},
    journal = {Geoscience and Remote Sensing, IEEE Transactions on},
    author = {Henderson, S W and Suni, P J M and Hale, C P and Hannon, S M and Magee, J R and Bruns, D L and Yuen, E H},
    number = {1},
    pages = {4--15},
    volume = {31},
    url = {http://ieeexplore.ieee.org/ielx1/36/5461/00210439.pdf?tp=&arnumber=210439&isnumber=5461},
    isbn = {0196-2892},
    doi = {10.1109/36.210439},
    issn = {0003-6935},
    pmid = {12510939},
    keywords = {2 micron, 20 km, 5 km, Absorption, Atmospheric measurements, CO<sub>2</sub> concentrations, Diodes, Laser excitation, Laser radar, Pump lasers, Radar measurements, Radar remote sensing, Space technology, YAG:Tm,Ho, YAl5O12:Tm,Ho, aerosol backscatter, atmospheric measuring apparatus, atmospheric propagation effects, atmospheric water vapor, coherent laser radar system, differential absorption lidar, horizontal atmospheric wind measurements, near-horizontal cloud returns, optical radar, remote range-resolved measurement, remote sensing by laser beam, solid lasers, solid-state lasers, vertical wind measurements}
}

@article{Poulton2017CoherentArrays,
    title = {{Coherent solid-state LIDAR with silicon photonic optical phased arrays}},
    year = {2017},
    journal = {Optics Letters},
    author = {Poulton, Christopher V. and Yaacobi, Ami and Cole, David B. and Byrd, Matthew J. and Raval, Manan and Vermeulen, Diedrik and Watts, Michael R.},
    number = {20},
    pages = {4091},
    volume = {42},
    url = {https://www.osapublishing.org/abstract.cfm?URI=ol-42-20-4091},
    isbn = {1539-4794 (Electronic) 0146-9592 (Linking)},
    doi = {10.1364/OL.42.004091},
    issn = {0146-9592},
    pmid = {29028020}
}

@article{Lee2008CoherentFilm.,
    title = {{Coherent thermal emission by excitation of magnetic polaritons between periodic strips and a metallic film.}},
    year = {2008},
    journal = {Optics Express},
    author = {Lee, B J and Wang, L P and Zhang, Z M},
    number = {15},
    pages = {11328--11336},
    volume = {16},
    publisher = {OSA},
    url = {http://www.ncbi.nlm.nih.gov/pubmed/18648451},
    institution = {George W. Woodruff School of Mechanical Engineering Georgia Institute of Technology, Atlanta, GA 30332, USA.},
    pmid = {18648451},
    keywords = {artificial, hot temperature, infrared rays, lighting, lighting methods, magnetics, membranes, metals, metals chemistry, refractometry, refractometry methods}
}

@article{Beer2017CoincidenceSensors,
    title = {{Coincidence in SPAD-based time-of-flight sensors}},
    year = {2017},
    journal = {PRIME 2017 - 13th Conference on PhD Research in Microelectronics and Electronics, Proceedings},
    author = {Beer, Maik and Schrey, Olaf M. and Hosticka, Bedrich J. and Kokozinski, Rainer},
    number = {4},
    pages = {381--384},
    isbn = {9781509065073},
    doi = {10.1109/PRIME.2017.7974187},
    keywords = {photon coincidence, range imaging, single-photon avalanche diode (SPAD), time-of-flight (TOF)}
}

@article{McManamon2017ComparisonOptions,
    title = {{Comparison of flash lidar detector options}},
    year = {2017},
    journal = {Optical Engineering},
    author = {McManamon, Paul F. and Banks, Paul and Beck, Jeffrey and Fried, Dale G. and Huntington, Andrew S. and Watson, Edward A.},
    number = {3},
    pages = {031223},
    volume = {56},
    url = {http://opticalengineering.spiedigitallibrary.org/article.aspx?doi=10.1117/1.OE.56.3.031223},
    isbn = {9781510600737},
    doi = {10.1117/1.OE.56.3.031223},
    issn = {0091-3286},
    keywords = {3-d, 3-d imaging, geiger mode avalanche photodiodes, ladar, laser radar, lidar, linear mode avalanche photodiodes}
}

@article{Naimullah2008ComparisonCommunications,
    title = {{Comparison of wavelength propagation for free space optical communications}},
    year = {2008},
    journal = {2008 International Conference on Electronic Design, ICED 2008},
    author = {Naimullah, B. S. and Othman, M. and Rahman, A. K. and Sulaiman, S. I. and Ishak, S. and Hitam, S. and Aljunid, S. A.},
    pages = {4--8},
    isbn = {9781424423156},
    doi = {10.1109/ICED.2008.4786657},
    keywords = {Atmospheric attenuation, FSO: free space optical, Mie scattering, Scattering coefficient}
}

@article{Ergen2013ComparisonSounds,
    title = {{Comparison of Wavelet Types and Thresholding Methods on Wavelet Based Denoising of Heart Sounds}},
    year = {2013},
    journal = {Journal of Signal and Information Processing},
    author = {Ergen, Burhan},
    number = {August},
    pages = {164--167},
    volume = {2013},
    doi = {10.4236/jsip.2013.43B029},
    issn = {2159-4465},
    keywords = {Denoising, Discrete Wavelet Transform, PCG, denoising, discrete wavelet transform, pcg}
}

@article{Milanovic2017CONTROLLER,
    title = {{CONTROLLER}},
    year = {2017},
    author = {Milanovic, Veljko}
}

@article{1967D,
    title = {{D e s i g n of t h e c o n s t a n t f r a c t i o n of p u l s e h e i g h t t r i g g e r f o r o p t i m u m t i m e r e s o l u t i o n *}},
    year = {1967},
    volume = {58}
}

@article{XiangData-DrivenRecognition,
    title = {{Data-Driven 3D Voxel Patterns for Object Category Recognition}},
    author = {Xiang, Yu and Choi, Wongun and Lin, Yuanqing and Savarese, Silvio and Arbor, Ann},
    url = {http://cvgl.stanford.edu/papers/xiang_cvpr15_3dvp.pdf}
}

@article{SurveyDatasets,
    title = {{Datasets}},
    author = {Survey, Comprehensive and Learning, Deep and Sensing, Remote},
    pages = {1--18}
}

@article{Sedol2013DeepSensing,
    title = {{Deep Learning in Remote Sensing}},
    year = {2013},
    author = {Sedol, Lee}
}

@article{Song2015DeepImages,
    title = {{Deep Sliding Shapes for Amodal 3D Object Detection in RGB-D Images}},
    year = {2015},
    author = {Song, Shuran and Xiao, Jianxiong},
    url = {http://arxiv.org/abs/1511.02300},
    isbn = {978-1-4673-8851-1},
    doi = {10.1109/CVPR.2016.94},
    issn = {0302-9743},
    pmid = {4520227},
    arxivId = {1511.02300}
}

@article{Dequaire2016DeepNetworks,
    title = {{Deep Tracking on the Move: Learning to Track the World from a Moving Vehicle using Recurrent Neural Networks}},
    year = {2016},
    author = {Dequaire, Julie and Rao, Dushyant and Ondruska, Peter and Wang, Dominic and Posner, Ingmar},
    url = {http://arxiv.org/abs/1609.09365},
    arxivId = {1609.09365}
}

@article{Dequaire2016DeepNetworksb,
    title = {{Deep Tracking on the Move: Learning to Track the World from a Moving Vehicle using Recurrent Neural Networks}},
    year = {2016},
    author = {Dequaire, Julie and Rao, Dushyant and Ondruska, Peter and Wang, Dominic and Posner, Ingmar},
    url = {http://arxiv.org/abs/1609.09365},
    arxivId = {1609.09365}
}

@article{Posner2016DeepNetworks,
    title = {{Deep Tracking: Seeing Beyond Seeing Using Recurrent Neural Networks}},
    year = {2016},
    journal = {Proceedings of the 30th Conference on Artificial Intelligence (AAAI 2016)},
    author = {Posner, Ingmar and Ondruska, Peter},
    pages = {3361--3367},
    url = {http://www.robots.ox.ac.uk/~mobile/Papers/2016AAAI_ondruska.pdf%5Cnhttps://www.youtube.com/watch?v=cdeWCpfUGWc},
    isbn = {9781577357605},
    doi = {10.1109/CVPRW.2016.160},
    issn = {21607516},
    pmid = {217420},
    arxivId = {1602.00991},
    keywords = {Technical Papers: Robotics}
}

@article{Chen2018DeepLab:CRFs,
    title = {{DeepLab: Semantic Image Segmentation with Deep Convolutional Nets, Atrous Convolution, and Fully Connected CRFs}},
    year = {2018},
    journal = {IEEE Transactions on Pattern Analysis and Machine Intelligence},
    author = {Chen, Liang Chieh and Papandreou, George and Kokkinos, Iasonas and Murphy, Kevin and Yuille, Alan L.},
    number = {4},
    pages = {834--848},
    volume = {40},
    isbn = {0162-8828 VO - PP},
    doi = {10.1109/TPAMI.2017.2699184},
    issn = {01628828},
    pmid = {28463186},
    arxivId = {1606.00915},
    keywords = {Convolutional neural networks, atrous convolution, conditional random fields, semantic segmentation}
}

@article{Li2016DensityData,
    title = {{Density Enhancement-Based Long-Range Pedestrian Detection Using 3-D Range Data}},
    year = {2016},
    journal = {IEEE Transactions on Intelligent Transportation Systems},
    author = {Li, K.a and Wang, X.a b and Xu, Y.b and Wang, J.a},
    number = {5},
    pages = {1368--1380},
    volume = {17},
    url = {https://www.scopus.com/inward/record.uri?eid=2-s2.0-84953247020&partnerID=40&md5=f9b4861bb3491228a96253835fa3c9b3},
    doi = {10.1109/TITS.2015.2502325},
    issn = {1524-9050}
}

@article{NtsDetectorMeasurement,
    title = {{Detector for distance measurement}},
    author = {Nts, C O N T E}
}

@article{2015DFB-CWDM-MManual,
    title = {{DFB-CWDM-M Module User ’ s Manual}},
    year = {2015}
}

@article{CharacteristicsDFB-CWDM-TOFeatures,
    title = {{DFB-CWDM-TO OE Quest 1290 nm to 1610 nm DFB Laser Diode , TO Can Features}},
    author = {Characteristics, Electrical and Current, Threshold and Current, Operating},
    pages = {0--1}
}

@article{Losada2008DigitalMATLAB,
    title = {{Digital Filters with MATLAB}},
    year = {2008},
    journal = {Zywienie Czlowieka I Metabolizm},
    author = {Losada, Ricardo a and Mathworks, The},
    pages = {238},
    url = {http://setcom.ee/tanno/info/is/teave/sig_alu_teo_matlab-digitalfilters_2008.pdf}
}

@article{Art2012DigitalSignal,
    title = {{Digital Signal Digital Signal}},
    year = {2012},
    author = {Art, Dalius Navakauskas},
    isbn = {9786094571589}
}

@article{Marioli1991DigitalSensors,
    title = {{Digital time of flight measurement for ultrasonic sensors}},
    year = {1991},
    journal = {[1991] Conference Record. IEEE Instrumentation and Measurement Technology Conference},
    author = {Marioli, D. and Narduzzi, C. and Offelli, C. and Petri, D. and Sardini, E. and Taroni, A.},
    number = {2},
    pages = {198--201},
    isbn = {0-87942-579-2},
    doi = {10.1109/IMTC.1991.161575}
}

@article{NoteDirectSiPM,
    title = {{Direct ToF Ranging with SiPM Direct Time-of-Flight Ranging with SensL Silicon Photomultipliers Ambient Light Rejection with SiPM Direct ToF Ranging with SiPM}},
    author = {Note, A P P},
    pages = {1--4}
}

@article{NoteDirectSiPMb,
    title = {{Direct ToF Ranging with SiPM Direct Time-of-Flight Ranging with SensL Silicon Photomultipliers Ambient Light Rejection with SiPM Direct ToF Ranging with SiPM}},
    author = {Note, A P P},
    pages = {1--4}
}

@article{Davies2004DopplerArea,
    title = {{Doppler lidar measurements of turbulent structure function over an urban area}},
    year = {2004},
    journal = {Journal of Atmospheric and Oceanic Technology},
    author = {Davies, Fay and Collier, C. G. and Pearson, G. N. and Bozier, K. E.},
    number = {5},
    pages = {753--761},
    volume = {21},
    isbn = {1520-0426},
    doi = {10.1175/1520-0426(2004)021<0753:DLMOTS>2.0.CO;2},
    issn = {07390572}
}

@article{Chen2011DrogueRefueling,
    title = {{Drogue tracking using 3D flash lidar for autonomous aerial refueling}},
    year = {2011},
    journal = {Laser Radar Technology and Applications XVI},
    author = {Chen, Ci and Stettner, Roger},
    number = {3},
    pages = {1--11},
    url = {http://advancedscientificconcepts.com/technology/documents/DrogueTrackingUsing3DFlashLIDARforAutonomousAerialRefueling.pdf},
    isbn = {0277-786X},
    doi = {10.1117/12.886572},
    issn = {0277786X},
    keywords = {3D, UAV, aerial, aerial vehicle, autonomous, identification, lidar, point-cloud, refueling, tracking, unmanned}
}

@article{Sarwate2011ECEI,
    title = {{ECE 361 : Lecture 3 : Matched Filters – Part I}},
    year = {2011},
    author = {Sarwate, Silip},
    pages = {1--12},
    volume = {0},
    keywords = {versity of illinois}
}

@article{Edfa2010EDFA-GI-RApplication,
    title = {{EDFA-GI-R Gain Flattened EDFA for R {\&} D Application}},
    year = {2010},
    author = {Edfa, Gain Flattened},
    number = {January}
}

@article{Amplifier2013EDFA-GMManual,
    title = {{EDFA-GM User ’ s Manual}},
    year = {2013},
    author = {Amplifier, Dense Wavelength In-line}
}

@article{Hasirlioglu2017EffectsTemperatures,
    title = {{Effects of Exhaust Gases on Laser Scanner Data Quality at Low Ambient Temperatures}},
    year = {2017},
    author = {Hasirlioglu, Sinan and Riener, Andreas and Huber, Werner and Wintersberger, Philipp},
    number = {Iv},
    pages = {1708--1713},
    isbn = {9781509048038},
    keywords = {Image, Lidar Sensing and Perception, Lidar Signal Processing, Radar, Vehicle Environment Perception}
}

@article{Steinvall2000EffectsSections,
    title = {{Effects of target shape and reflection on laser radar cross sections}},
    year = {2000},
    journal = {Applied Optics},
    author = {Steinvall, Ove},
    number = {24},
    pages = {4381},
    volume = {39},
    url = {https://www.osapublishing.org/abstract.cfm?URI=ao-39-24-4381},
    doi = {10.1364/AO.39.004381},
    issn = {0003-6935},
    pmid = {18350027}
}

@article{Romer2014Electro-opticScanners,
    title = {{Electro-optic and acousto-optic laser beam scanners}},
    year = {2014},
    journal = {Physics Procedia},
    author = {R{\"{o}}mer, G. R.B.E. and Bechtold, P.},
    number = {C},
    pages = {29--39},
    volume = {56},
    isbn = {9781628419719},
    doi = {10.1016/j.phpro.2014.08.092},
    issn = {18753892},
    keywords = {Acousto-optical deflector, Electro-optical deflector, Large stroke small stroke, Laser beam scanner, Mirror-based deflection, Optical solid state deflectors}
}

@book{Kittel2004ElementaryPhysics,
    title = {{Elementary statistical physics}},
    year = {2004},
    author = {Kittel, Charles},
    pages = {141--149},
    publisher = {Courier Corporation}
}

@article{Wu2006EnhancementMethod,
    title = {{Enhancement of lidar backscatters signal-to-noise ratio using empirical mode decomposition method}},
    year = {2006},
    journal = {Optics Communications},
    author = {Wu, Songhua and Liu, Zhishen and Liu, Bingyi},
    number = {1},
    pages = {137--144},
    volume = {267},
    isbn = {0030-4018},
    doi = {10.1016/j.optcom.2006.05.069},
    issn = {00304018},
    keywords = {Empirical mode decomposition, Lidar, Signal-to-noise ratio}
}

@article{Mayor2003EvaluatingData,
    title = {{Evaluating Large-Eddy Simulations Using Volume Imaging Lidar Data}},
    year = {2003},
    journal = {Monthly Weather Review},
    author = {Mayor, Shane D and Tripoli, Gregory J and Eloranta, Edwin W},
    number = {7},
    pages = {1428--1452},
    volume = {131},
    url = {http://dx.doi.org/10.1175/1520-0493(2003)131%3C1428:ELSUVI%3E2.0.CO;2%5Cnhttp://journals.ametsoc.org/doi/pdf/10.1175/1520-0493%282003%29131%3C1428%3AELSUVI%3E2.0.CO%3B2},
    isbn = {0027-0644},
    doi = {10.1175/1520-0493(2003)131<1428:ELSUVI>2.0.CO;2},
    issn = {0027-0644}
}

@article{Hathcock2016EvaluationLIDAR,
    title = {{Evaluation of Current and Upcoming LIDAR Systems Explanation of LIDAR}},
    year = {2016},
    author = {Hathcock, Lee},
    url = {http://www.xp-detectors.co.uk/wp-content/uploads/2015/10/lidar-1.jpg}
}

@article{Vallet2015ExtractingCloud,
    title = {{Extracting Mobile Objects in Images Using a Velodyne Lidar Point Cloud}},
    year = {2015},
    journal = {ISPRS Annals of Photogrammetry, Remote Sensing and Spatial Information Sciences},
    author = {Vallet, B. and Xiao, W. and Br{\'{e}}dif, M.},
    pages = {247--253},
    volume = {II-3/W4},
    url = {http://www.isprs-ann-photogramm-remote-sens-spatial-inf-sci.net/II-3-W4/247/2015/},
    doi = {10.5194/isprsannals-II-3-W4-247-2015},
    issn = {2194-9050},
    keywords = {dempster-shafer, graph-cuts, image, lidar, tracking}
}

@article{Ytterbium2016EYDFA-33-R,
    title = {{EYDFA-33-R}},
    year = {2016},
    author = {Ytterbium, Erbium and Fiber, Doped},
    number = {June},
    pages = {1--3}
}

@article{Henderson1991Eye-safeLasers,
    title = {{Eye-safe coherent laser radar system at 21 {$\mu$}m using Tm,Ho:YAG lasers}},
    year = {1991},
    journal = {Optics Letters},
    author = {Henderson, Sammy W. and Hale, Charley P. and Magee, James R. and Kavaya, Michael J. and Huffaker, A. Vincent},
    number = {10},
    pages = {773},
    volume = {16},
    url = {https://www.osapublishing.org/abstract.cfm?URI=ol-16-10-773},
    doi = {10.1364/OL.16.000773},
    issn = {0146-9592},
    pmid = {19774067}
}

@article{Caltagirone2017FastNetworks,
    title = {{Fast LIDAR-based Road Detection Using Fully Convolutional Neural Networks}},
    year = {2017},
    author = {Caltagirone, Luca and Scheidegger, Samuel and Svensson, Lennart and Wahde, Mattias},
    number = {Iv},
    pages = {1019--1024},
    url = {http://arxiv.org/abs/1703.03613},
    isbn = {9781509048038},
    doi = {10.1109/IVS.2017.7995848},
    arxivId = {1703.03613},
    keywords = {Lidar Sensing and Perception,Vehicle Environment P}
}

@article{Hwang2016FastVehicles,
    title = {{Fast multiple objects detection and tracking fusing color camera and 3D LIDAR for intelligent vehicles}},
    year = {2016},
    journal = {2016 13th International Conference on Ubiquitous Robots and Ambient Intelligence, URAI 2016},
    author = {Hwang, Soonmin and Kim, Namil and Choi, Yukyung and Lee, Seokju and Kweon, In So},
    pages = {234--239},
    isbn = {9781509008216},
    doi = {10.1109/URAI.2016.7625744},
    keywords = {DATMO, Sensor fusion}
}

@article{Himmelsbach2010FastVehicles,
    title = {{Fast segmentation of 3D point clouds for ground vehicles}},
    year = {2010},
    journal = {IEEE Intelligent Vehicles Symposium},
    author = {Himmelsbach, M and von Hundelshausen, F and Wuensche, H},
    pages = {560--565},
    isbn = {9781424478682},
    doi = {10.1109/IVS.2010.5548059},
    issn = {1931-0587},
    keywords = {3D point clouds, Clouds, Land vehicles, Laser radar, Layout, Mobile robots, Object detection, Real time systems, Remotely operated vehicles, Robot sensing systems, Sensor phenomena and characterization, autonomous ground robot mobility, computational complexity, computer graphics, fast segmentation, ground plane estimation, ground vehicles, image classification, image segmentation, lower complexity, object classification, road vehicles, traffic engineering computing}
}

@article{Ren2017FasterNetworks,
    title = {{Faster R-CNN: Towards Real-Time Object Detection with Region Proposal Networks}},
    year = {2017},
    journal = {IEEE Transactions on Pattern Analysis and Machine Intelligence},
    author = {Ren, Shaoqing and He, Kaiming and Girshick, Ross and Sun, Jian},
    number = {6},
    pages = {1137--1149},
    volume = {39},
    isbn = {0162-8828 VO - PP},
    doi = {10.1109/TPAMI.2016.2577031},
    issn = {01628828},
    pmid = {27295650},
    arxivId = {1506.01497},
    keywords = {Object detection, convolutional neural network, region proposal}
}

@article{AssemblyFeatures16,
    title = {{Features • 16}},
    author = {Assembly, Receiver and Assembly, Control and Kit, Software Development}
}

@article{Bailey2003FiberOptics,
    title = {{Fiber Optics}},
    year = {2003},
    author = {Bailey, David and Wright, Edwin}
}

@book{HechtFifthOptics,
    title = {{fifth edition 5 Optics}},
    author = {Hecht, Eugene},
    isbn = {9780133977226}
}

@article{Smith2003FilterComparison,
    title = {{Filter Comparison}},
    year = {2003},
    journal = {Digital Signal Processing},
    author = {Smith, Steven W.},
    pages = {343--350},
    url = {http://linkinghub.elsevier.com/retrieve/pii/B9780750674447500583},
    isbn = {9780750674447},
    doi = {10.1016/B978-0-7506-7444-7/50058-3}
}

@article{NewportCorporation2014FocusingCollimating,
    title = {{Focusing and Collimating}},
    year = {2014},
    journal = {Technical Note: Optics},
    author = {{Newport Corporation}},
    pages = {6--8},
    url = {http://www.newport.com/Focusing-and-Collimating/141191/1033/content.aspx}
}

@article{AlNaboulsi2004FogWaves,
    title = {{Fog attenuation prediction for optical and infrared waves}},
    year = {2004},
    journal = {Optical Engineering},
    author = {Al Naboulsi, Maher},
    number = {2},
    pages = {319},
    volume = {43},
    url = {http://opticalengineering.spiedigitallibrary.org/article.aspx?doi=10.1117/1.1637611},
    doi = {10.1117/1.1637611},
    issn = {0091-3286}
}

@article{Lidar2016ForLidar,
    title = {{For range finder Lidar}},
    year = {2016},
    author = {Lidar, For Windtracer}
}

@article{Pandey2011FordSet,
    title = {{Ford campus vision and {\textbackslash}ac{\{}LiDAR{\}} data set}},
    year = {2011},
    author = {Pandey, Gaurav and McBride, James R and Eustice, Ryan M},
    number = {13},
    pages = {1543--1552},
    volume = {30}
}

@article{Five2011FourierTransform,
    title = {{Fourier Series and the Fourier Transform}},
    year = {2011},
    journal = {Online},
    author = {Five, Chapter},
    pages = {427--431},
    isbn = {9780511805417}
}

@article{Iosevich2001FourierTHE,
    title = {{Fourier Transform OF THE}},
    year = {2001},
    author = {Iosevich, Alex},
    number = {2},
    pages = {577--583}
}

@article{Curry2018Frequency-ModulatedLidar,
    title = {{Frequency-Modulated Automotive Lidar}},
    year = {2018},
    author = {Curry, Jim}
}

@article{Hickson2008FundamentalsOptics,
    title = {{Fundamentals of Atmospheric and Adaptive Optics}},
    year = {2008},
    journal = {Ubc},
    author = {Hickson, Paul}
}

@article{Steven1993FundamentalsProcessing,
    title = {{Fundamentals of Statistical Signal Processing}},
    year = {1993},
    journal = {PTR Prentice-Hall, Englewood Cliffs, NJ},
    author = {Steven, MK},
    url = {http://scholar.google.com/scholar?hl=en&btnG=Search&q=intitle:Fundamentals+of+Statistical+Signal+Processing#0}
}

@article{Kay1993FundamentalsProcessing,
    title = {{Fundamentals of Statistical Signal Processing}},
    year = {1993},
    journal = {Prentice Hall},
    author = {Kay, Steven M},
    number = {v. 2},
    pages = {513},
    volume = {Volume I.},
    isbn = {0071444742}
}

@article{Wang2017FusingDetection,
    title = {{Fusing Bird View LIDAR Point Cloud and Front View Camera Image for Deep Object Detection}},
    year = {2017},
    author = {Wang, Zining and Zhan, Wei and Tomizuka, Masayoshi},
    pages = {1--11},
    url = {http://arxiv.org/abs/1711.06703},
    isbn = {9781538644515},
    arxivId = {1711.06703}
}

@article{Examination2009GE,
    title = {{G " e}},
    year = {2009},
    author = {Examination, Third},
    number = {Eusipco},
    pages = {117--122},
    isbn = {9781479982752},
    doi = {10.11896/j.issn.1005-023X.2018.06.028}
}

@article{ButcherGaussianOptics,
    title = {{Gaussian beam optics}},
    journal = {The Elements of Nonlinear Optics},
    author = {Butcher, Paul N. and Cotter, David},
    pages = {319--320},
    url = {http://ebooks.cambridge.org/ref/id/CBO9781139167994A070},
    isbn = {9781139167994},
    doi = {10.1017/CBO9781139167994.020},
    issn = {10476938}
}

@article{Aull2016Geiger-modeCircuits,
    title = {{Geiger-mode avalanche photodiode arrays integrated to all-digital CMOS circuits}},
    year = {2016},
    journal = {Sensors (Switzerland)},
    author = {Aull, Brian},
    number = {4},
    volume = {16},
    doi = {10.3390/s16040495},
    issn = {14248220},
    pmid = {27070609},
    keywords = {Avalanche photodiodes, Geiger-mode avalanche photodiodes, Imagers, Imaging, Ladar, Lidar, Photon counting, Wavefront sensing}
}

@article{Study2017Gen3Study,
    title = {{Gen3 LiDAR Demonstrator System - Technical Description {\&} Performance Study}},
    year = {2017},
    author = {Study, Performance},
    pages = {1--15}
}

@misc{TheMendeleySupportTeam2011GettingMendeley,
    title = {{Getting Started with Mendeley}},
    year = {2011},
    booktitle = {Mendeley Desktop},
    author = {{The Mendeley Support Team}},
    pages = {1--16},
    publisher = {Mendeley Ltd.},
    url = {http://www.mendeley.com},
    address = {London},
    keywords = {Mendeley, how-to, user manual}
}

@misc{Gloeckner1997.pdf,
    title = {{Gloeckner 1997.pdf}}
}

@book{Gronwall2006GroundApplications,
    title = {{Ground Object Recognition using Laser Radar Data: Geometric Fitting, Performance Analysis, and Applications}},
    year = {2006},
    author = {Gr{\"{o}}nwall, Christina},
    number = {1055},
    pages = {200},
    url = {http://www.diva-portal.org/smash/record.jsf?pid=diva2:22679},
    isbn = {918564353X}
}

@article{Dieckmann1995GuideDiode,
    title = {{Guide Laser Diode}},
    year = {1995},
    journal = {Instrumentation},
    author = {Dieckmann, Andreas},
    number = {3},
    volume = {2271}
}

@article{Lidar2007Hdl64e,
    title = {{Hdl ™ - 64e}},
    year = {2007},
    author = {Lidar, High Definition}
}

@article{GuideHDL-64ES3,
    title = {{HDL-64E S3}},
    author = {Guide, Programming}
}

@article{Zhang2017HighModulation,
    title = {{High resolution flash three-dimensional LIDAR systems based on polarization modulation}},
    year = {2017},
    journal = {Applied Optics},
    author = {Zhang, Peng and Du, Xiaoping and Zhao, Jiguang and Song, Yishuo and Chen, Hang},
    number = {13},
    pages = {3889},
    volume = {56},
    url = {https://www.osapublishing.org/abstract.cfm?URI=ao-56-13-3889},
    doi = {10.1364/AO.56.003889},
    issn = {0003-6935}
}

@article{Jo2016HighCamera,
    title = {{High resolution three-dimensional flash LIDAR system using a polarization modulating Pockels cell and a micro-polarizer CCD camera}},
    year = {2016},
    journal = {Optics Express},
    author = {Jo, Sungeun and Kong, Hong Jin and Bang, Hyochoong and Kim, Jae-Wan and Kim, Jomsool and Choi, Soungwoong},
    number = {26},
    pages = {A1580},
    volume = {24},
    url = {https://www.osapublishing.org/abstract.cfm?URI=oe-24-26-A1580},
    doi = {10.1364/OE.24.0A1580},
    issn = {1094-4087}
}

@article{Grund2001High-resolutionResearch,
    title = {{High-resolution doppler lidar for boundary layer and cloud research}},
    year = {2001},
    journal = {Journal of Atmospheric and Oceanic Technology},
    author = {Grund, C. J. and Banta, R. M. and George, J. L. and Howell, J. N. and Post, M. J. and Richer, R. A. and Weickmann, A. M.},
    number = {3},
    pages = {376--393},
    volume = {18},
    isbn = {1520-0426},
    doi = {10.1175/1520-0426(2001)018<0376:HRDLFB>2.0.CO;2},
    issn = {07390572},
    pmid = {7754995},
    arxivId = {arXiv:1002.2562v1}
}

@article{Khyam2017HighlyRanging,
    title = {{Highly Accurate Time-of-Flight Measurement Technique Based on Phase-Correlation for Ultrasonic Ranging}},
    year = {2017},
    journal = {IEEE Sensors Journal},
    author = {Khyam, Md Omar and Ge, Shuzhi Sam and Li, Xinde and Pickering, Mark R.},
    number = {2},
    pages = {434--443},
    volume = {17},
    doi = {10.1109/JSEN.2016.2631244},
    issn = {1530437X},
    keywords = {Correlation technique, distance measurement, time-of-flight (TOF) estimation, ultrasonic wave}
}

@article{Heck2017HighlySteering,
    title = {{Highly integrated optical phased arrays: Photonic integrated circuits for optical beam shaping and beam steering}},
    year = {2017},
    journal = {Nanophotonics},
    author = {Heck, Martijn J.R.},
    number = {1},
    pages = {93--107},
    volume = {6},
    isbn = {2192-8606},
    doi = {10.1515/nanoph-2015-0152},
    issn = {21928614},
    keywords = {III/V photonics, free-space optical communications, lidar, photonic integrated circuits, silicon photonics}
}

@article{Chevrier2017HowConverter,
    title = {{How to build a LIDAR system with a time-to-digital converter}},
    year = {2017},
    author = {Chevrier, By Matthieu and Manager, Systems and Systems, Industrial},
    pages = {1--6}
}

@article{Silicon2015HowSensors,
    title = {{How to Evaluate and Compare Silicon Photomultiplier Sensors How to Evaluate and Compare Silicon Photomultiplier Sensors and Compare Silicon Photomultiplier Sensors}},
    year = {2015},
    author = {Silicon, Compare and Sensors, Photomultiplier},
    number = {October},
    pages = {1--9}
}

@article{RichmondHowardCA,
    title = {{Howard Bailey Advanced Scientific Concepts, Inc. Santa Barbara CA}},
    author = {Richmond, Richard and Stetmer, Roger},
    pages = {61--67},
    isbn = {0819421294},
    keywords = {laser radar imaging, three-dimensional imaging}
}

@article{Spinello2008HumanFeatures,
    title = {{Human detection using multimodal and multidimensional features}},
    year = {2008},
    journal = {IEEE International Conference on Robotics and Automation},
    author = {Spinello, Luciano and Siegwart, Roland},
    pages = {3264--3269},
    url = {http://ieeexplore.ieee.org/lpdocs/epic03/wrapper.htm?arnumber=4543708},
    isbn = {978-1-4244-1646-2},
    doi = {10.1109/ROBOT.2008.4543708},
    keywords = {Computer Vision, Intelligent Transportation Systems, Sensor Fusion}
}

@article{Patidar2010ImageNoise,
    title = {{Image De-noising by Various Filters for Different Noise}},
    year = {2010},
    journal = {International Journal of Computer Applications},
    author = {Patidar, Pawan and Gupya, Manoj and Sirvastava, Sumit and Nagawat, Ashok Kumar},
    number = {4},
    pages = {45--50},
    volume = {9},
    doi = {10.5120/1370-1846},
    issn = {09758887}
}

@article{Kockanat2012ImageAlgorithm,
    title = {{Image denoising with 2-D FIR filter by using artificial bee colony algorithm}},
    year = {2012},
    journal = {Innovations in Intelligent  {\ldots}},
    author = {Kockanat, S and Karaboga, N and Koza, T},
    pages = {1--4},
    url = {http://ieeexplore.ieee.org/xpls/abs_all.jsp?arnumber=6247041},
    keywords = {-2d digital filter, algorithms, artificial bee, colony algorithm, image denoising, moreover abc has been, noise elimination, problems from different areas, such as noise elimination, used to solve various, using}
}

@article{2014Ime-to-28,
    title = {{ime-to- igital- onverter 28}},
    year = {2014},
    number = {January},
    isbn = {4972447419}
}

@article{J2013ImplementationTracking,
    title = {{Implementation and Comparison of Kernel and Silhouette Based Object Tracking}},
    year = {2013},
    journal = {International Journal of Advanced Research in Computer Engineering {\&} Technology (IJARCET)},
    author = {J, Joshan Athanesious and Suresh, P},
    number = {3},
    pages = {1298--1303},
    volume = {2},
    keywords = {background subtraction, color model, noise, object, object extraction, object recognition, overlapping, region of interest, roi, tracking}
}

@article{Tian2014ImprovedSignals,
    title = {{Improved empirical mode decomposition based denoising method for lidar signals}},
    year = {2014},
    journal = {Optics Communications},
    author = {Tian, Pengfei and Cao, Xianjie and Liang, Jiening and Zhang, Lei and Yi, Nana and Wang, Liying and Cheng, Xiaoping},
    pages = {54--59},
    volume = {325},
    isbn = {0030-4018},
    doi = {10.1016/j.optcom.2014.03.083},
    issn = {00304018},
    keywords = {Empirical mode decomposition, Lidar, Signal denoising}
}

@article{Rasshofer2011InfluencesSystems,
    title = {{Influences of weather phenomena on automotive laser radar systems}},
    year = {2011},
    journal = {Advances in Radio Science},
    author = {Rasshofer, R. H. and Spies, M. and Spies, H.},
    pages = {49--60},
    volume = {9},
    doi = {10.5194/ars-9-49-2011},
    issn = {16849965}
}

@article{GuideInGaAsReceivers,
    title = {{InGaAs APD Laser Rangefinder Receivers}},
    author = {Guide, User},
    pages = {97006}
}

@book{Receiver2012IntegratedRangefinder,
    title = {{Integrated receiver channel and timing discrimination circuits for a pulsed time-of-flight laser rangefinder}},
    year = {2012},
    author = {Receiver, Integrated and Circuits, Discrimination and Time-of-, F O R a Pulsed and Rangefinder, Flight Laser},
    pages = {45},
    isbn = {9789526200453},
    keywords = {integrated receiver channel, laser rangefinding, t}
}

@book{Receiver2012IntegratedRangefinderb,
    title = {{Integrated receiver channel and timing discrimination circuits for a pulsed time-of-flight laser rangefinder}},
    year = {2012},
    author = {Receiver, Integrated and Circuits, Discrimination and Time-of-, F O R a Pulsed and Rangefinder, Flight Laser},
    pages = {45},
    isbn = {9789526200453},
    keywords = {integrated receiver channel, laser rangefinding, t}
}

@article{Nissinen2009IntegratedAccuracy,
    title = {{Integrated receiver including both receiver channel and TDC for a pulsed time-of-flight laser rangefinder with cm-level accuracy}},
    year = {2009},
    journal = {IEEE Journal of Solid-State Circuits},
    author = {Nissinen, Jan and Nissinen, Ilkka and Kostamovaara, Juha},
    number = {5},
    pages = {1486--1497},
    volume = {44},
    isbn = {00189200 (ISSN)},
    doi = {10.1109/JSSC.2009.2017006},
    issn = {00189200},
    keywords = {Laser radar, Optical receiver, Time interval measurement}
}

@article{Smith1997IntroductionFilters,
    title = {{Introduction to Digital Filters}},
    year = {1997},
    journal = {The Scientist and Engineer's Guide to Digital Signal Processing},
    author = {Smith, Steven W.},
    isbn = {0-9660176-3-3},
    doi = {10.1118/1.594889}
}

@article{Smith2003IntroductionFilters,
    title = {{Introduction to Digital Filters}},
    year = {2003},
    journal = {Digital Signal Processing},
    author = {Smith, Steven W.},
    number = {1},
    pages = {261--276},
    url = {http://linkinghub.elsevier.com/retrieve/pii/B9780750674447500510},
    isbn = {9780750674447},
    doi = {10.1016/B978-0-7506-7444-7/50051-0}
}

@book{Smith2007IntroductionApplications,
    title = {{Introduction to digital filters with audio applications}},
    year = {2007},
    author = {Smith, Julius Orion},
    volume = {2},
    publisher = {Julius Smith}
}

@book{Page2001Introduction1.1,
    title = {{Introduction to Radar Systems 1.1}},
    year = {2001},
    author = {Page, R M},
    number = {radar},
    pages = {1--52},
    isbn = {0072881380},
    doi = {10.1016/j.applthermaleng.2014.12.031},
    issn = {0885-8985},
    pmid = {2089623},
    arxivId = {1105-},
    keywords = {radar}
}

@article{sensL2011IntroductionPhotomultiplier,
    title = {{Introduction to SiPM An Introduction to the Silicon Photomultiplier}},
    year = {2011},
    journal = {sensL},
    author = {{sensL}},
    pages = {1--16}
}

@article{Zhang2016IsDetection,
    title = {{Is Faster R-CNN Doing Well for Pedestrian Detection?}},
    year = {2016},
    journal = {Eccv},
    author = {Zhang, Liliang and Lin, Liang and Liang, Xiaodan and He, Kaiming},
    pages = {1--15},
    url = {http://dblp.org/rec/conf/eccv/ZhangLLH16},
    pmid = {238553},
    keywords = {boosted, convolutional neural networks, forests, hard-negative mining, pedestrian detection}
}

@misc{Kedadra_2014_PhotomultiplierStudies.pdf,
    title = {{Kedadra{\_}2014{\_}Photomultiplier and APD performance for lidar application to environment studies.pdf}}
}

@article{Chevalier2009LaserEvaluation,
    title = {{Laser radar modeling for simulation and performance evaluation}},
    year = {2009},
    author = {Chevalier, Tomas R. and Steinvall, Ove K.},
    number = {October 2009},
    pages = {748206},
    volume = {748206},
    url = {http://proceedings.spiedigitallibrary.org/proceeding.aspx?doi=10.1117/12.830467},
    doi = {10.1117/12.830467},
    keywords = {3-d laser radar, modeling, sensor model, simulation}
}

@article{IngaasLASERCONTROLLED,
    title = {{LASER RANGEFINDER ( LRF ) SYSTEM- INTEGRATOR KIT RANGEFINDER SYSTEM- INTEGRATOR KIT EAR 99 : NOT ITAR CONTROLLED}},
    author = {Ingaas, Includes and Photoreceiver, A P D},
    pages = {1--7}
}

@article{Bosch2001LaserMeasurement,
    title = {{Laser ranging: a critical review of usual techniques for distance measurement}},
    year = {2001},
    journal = {Optical Engineering},
    author = {Bosch, Thierry},
    number = {1},
    pages = {10},
    volume = {40},
    url = {http://opticalengineering.spiedigitallibrary.org/article.aspx?doi=10.1117/1.1330700},
    isbn = {0091-3286},
    doi = {10.1117/1.1330700},
    issn = {0091-3286}
}

@article{AngleLaser,
    title = {{Laser Scanning Lens Theory- Con ’ T ᶲ ᶲ}},
    author = {Angle, Deflection},
    pages = {27--28}
}

@article{Petrick1992LeastTube,
    title = {{Least Squares Arrival Time Estimators for Photons Detected using a Photomultiplier Tube}},
    year = {1992},
    journal = {IEEE Transactions on Nuclear Science},
    author = {Petrick, Nicholas and Hero, Alfred O. and Clinthorne, Neal H. and Rogers, W. Leslie},
    number = {4},
    pages = {738--741},
    volume = {39},
    doi = {10.1109/23.159697},
    issn = {15581578}
}

@article{Petrick1993LeastPulses,
    title = {{Least Squares Arrival Time Estimators for Single and Piled Up Scintillation Pulses}},
    year = {1993},
    journal = {IEEE Transactions on Nuclear Science},
    author = {Petrick, Nicholas and Hero, Alfred O. and Clinthorne, Neal H. and Rogers, W. Leslie and Slosar, Jeffrey M.},
    number = {4},
    pages = {1026--1030},
    volume = {40},
    isbn = {0018-9499},
    doi = {10.1109/23.256706},
    issn = {15581578}
}

@article{LiDARCE30,
    title = {{LiDAR : CE30}}
}

@article{Adams2000LidarDetection,
    title = {{Lidar design, use, and calibration concepts for correct environmental detection}},
    year = {2000},
    journal = {IEEE Transactions on Robotics and Automation},
    author = {Adams, Martin D.},
    number = {6},
    pages = {753--761},
    volume = {16},
    isbn = {1042-296X VO - 16},
    doi = {10.1109/70.897786},
    issn = {1042296X}
}

@article{OcumentLIDARDEVELOPMENT,
    title = {{LIDAR DEVELOPMENT}},
    author = {Ocument, D}
}

@article{2016LIDARCorelli,
    title = {{LIDAR Developmental Package Arizona State University Prepared by Ken Corelli}},
    year = {2016}
}

@article{PulseLIDARCalculations,
    title = {{LIDAR PROTOTYPE – EYE SAFETY CALCULATIONS Laser Eye-Safety Calculations}},
    author = {Pulse, Single and Emission, Accessible and Accessible, Average and Limit, Emission and Pulse, Repetitive and Emission, Accessible and Levels, Accessible Exposure}
}

@article{PulseLIDARCalculationsb,
    title = {{LIDAR PROTOTYPE – EYE SAFETY CALCULATIONS Laser Eye-Safety Calculations}},
    author = {Pulse, Single and Emission, Accessible and Accessible, Average and Limit, Emission and Pulse, Repetitive and Emission, Accessible and Levels, Accessible Exposure}
}

@article{TexasInstruments2016LIDARDesign,
    title = {{LIDAR Pulsed Time of Flight Reference Design}},
    year = {2016},
    author = {{Texas Instruments}},
    number = {December},
    pages = {1--24}
}

@article{Sun2005LidarMachine,
    title = {{Lidar signal denoising using least-squares support vector machine}},
    year = {2005},
    journal = {Signal Processing Letters, IEEE},
    author = {Sun, BY and Huang, DS},
    number = {2},
    pages = {101--104},
    volume = {12},
    url = {http://ieeexplore.ieee.org/xpls/abs_all.jsp?arnumber=1381460},
    doi = {10.1109/LSP.2004.836938}
}

@article{RangeLIDARSpecifications,
    title = {{LIDAR Specifications}},
    author = {Range, Min},
    pages = {150},
    isbn = {3333333333}
}

@article{RangeLIDARSpecificationsb,
    title = {{LIDAR Specifications}},
    author = {Range, Min},
    pages = {150},
    isbn = {3333333333}
}

@article{Width2017LIDARFinal,
    title = {{LIDAR SPECIFICATIONS SHEET Discussion DRAFT – Not Final}},
    year = {2017},
    author = {Width, Pulse and Peak, Laser and Requirement, Power}
}

@article{Atanacio-Jimenez2011LIDARPlanes,
    title = {{LIDAR velodyne HDL-64E calibration using pattern planes}},
    year = {2011},
    journal = {International Journal of Advanced Robotic Systems},
    author = {Atanacio-Jim{\'{e}}nez, Gerardo and Gonz{\'{a}}lez-Barbosa, José Joel and Hurtado-Ramos, Juan B. and Ornelas-Rodr{\'{i}}guez, Francisco J. and Jim{\'{e}}nez-Hern{\'{a}}ndez, Hugo and Garc{\'{i}}a-Ramirez, Teresa and Gonz{\'{a}}lez-Barbosa, Ricardo},
    number = {5},
    pages = {70--82},
    volume = {8},
    url = {https://doi.org/10.5772/50900},
    isbn = {0818672404},
    doi = {10.5772/50900},
    issn = {17298806},
    pmid = {10575050},
    arxivId = {1003.4074},
    keywords = {Calibration, LIDAR, Pattern planes}
}

@article{Kim2012LidarTargets,
    title = {{Lidar Waveform Simulation Over Complex Targets}},
    year = {2012},
    journal = {ISPRS - International Archives of the Photogrammetry, Remote Sensing and Spatial Information Sciences},
    author = {Kim, S. and Lee, I. and Lee, M.},
    number = {September},
    pages = {517--522},
    volume = {XXXIX-B7},
    doi = {10.5194/isprsarchives-XXXIX-B7-517-2012},
    issn = {1682-1777},
    keywords = {geometry, lidar, model, radiometry, simulation, sub-beam, waveform}
}

@article{Optics2017LIDAR-PulsedConverters,
    title = {{LIDAR-Pulsed Time-of-Flight Reference Design Using High-Speed Data Converters}},
    year = {2017},
    author = {Optics, Additional and Power, Laser and Amp, Transimpedance and End, Front and Focusing, Photo Receiver and Estimation, Range},
    number = {November 2016},
    pages = {1--29},
    keywords = {TIDUC73,TIDUC73B}
}

@article{WilliamsJr.2010LimitationsApplications,
    title = {{Limitations of Geiger-mode arrays for Flash LADAR applications}},
    year = {2010},
    author = {Williams, Jr., George M.},
    pages = {768414},
    url = {http://proceedings.spiedigitallibrary.org/proceeding.aspx?doi=10.1117/12.853382},
    isbn = {9780819481481},
    doi = {10.1117/12.853382},
    issn = {0277786X},
    keywords = {apd, avalanche photodiode, geiger mode, ladar, laser radar, photon counting}
}

@article{Pierrottet2008LinearMeasurements,
    title = {{Linear FMCW Laser Radar for Precision Range and Vector Velocity Measurements}},
    year = {2008},
    journal = {MRS Proceedings},
    author = {Pierrottet, Diego and Amzajerdian, Farzin and Petway, Larry and Barnes, Bruce and Lockard, George and Rubio, Manuel},
    pages = {04--06},
    volume = {1076},
    url = {http://journals.cambridge.org/abstract_S1946427400031225},
    isbn = {9781605110462},
    doi = {10.1557/PROC-1076-K04-06},
    issn = {1946-4274}
}

@article{Sullivan2015LinearArrays,
    title = {{Linear mode photon counting from visible to MWIR with HgCdTe avalanche photodiode focal plane arrays}},
    year = {2015},
    author = {Sullivan, William and Beck, Jeffrey and Scritchfield, Richard and Skokan, Mark and Mitra, Pradip and Sun, Xiaoli and Abshire, James and Carpenter, Darren and Lane, Barry},
    number = {May 2015},
    pages = {94920T},
    url = {http://proceedings.spiedigitallibrary.org/proceeding.aspx?doi=10.1117/12.2180394},
    isbn = {2149962861},
    doi = {10.1117/12.2180394},
    issn = {1996756X}
}

@article{Hoover2000LocatingResponse,
    title = {{Locating blood vessels in retinal images by piecewise threshold probing of a matched filter response}},
    year = {2000},
    journal = {IEEE Transactions on Medical imaging},
    author = {Hoover, A D and Kouznetsova, Valentina and Goldbaum, Michael},
    number = {3},
    pages = {203--210},
    volume = {19},
    publisher = {IEEE}
}

@article{Corporation2015Lockheed2015,
    title = {{Lockheed Martin Louisville, Colorado (303) 729-5412 {\textcopyright} 2015}},
    year = {2015},
    author = {Corporation, Lockheed Martin},
    number = {303}
}

@article{Sivaraman2013LookingAnalysis,
    title = {{Looking at vehicles on the road: A survey of vision-based vehicle detection, tracking, and behavior analysis}},
    year = {2013},
    journal = {IEEE Transactions on Intelligent Transportation Systems},
    author = {Sivaraman, Sayanan and Trivedi, Mohan Manubhai},
    number = {4},
    pages = {1773--1795},
    volume = {14},
    isbn = {1524-9050},
    doi = {10.1109/TITS.2013.2266661},
    issn = {15249050},
    keywords = {Computer vision, Intelligent vehicles, Machine learning, Object detection, Object tracking}
}

@article{LidarM8Specifications,
    title = {{M8 LIDAR SENSOR M8 SENSOR specifications}},
    author = {Lidar, T O F and Driver, Advanced and Systems, Assist},
    pages = {3--4}
}

@article{Allodi2016MachineVehicle,
    title = {{Machine learning in tracking associations with stereo vision and lidar observations for an autonomous vehicle}},
    year = {2016},
    journal = {IEEE Intelligent Vehicles Symposium, Proceedings},
    author = {Allodi, Marco and Broggi, Alberto and Giaquinto, Domenico and Patander, Marco and Prioletti, Antonio},
    number = {Iv},
    pages = {648--653},
    volume = {2016-Augus},
    isbn = {9781509018215},
    doi = {10.1109/IVS.2016.7535456}
}

@article{Wang2004MappingTracking,
    title = {{Mapping and Moving Object Tracking}},
    year = {2004},
    author = {Wang, Chieh-chih}
}

@article{Vio2018MatchedImplementation,
    title = {{Matched filter in low-number count Poisson noise regime: an efficient and effective implementation}},
    year = {2018},
    author = {Vio, R and Andreani, P},
    pages = {1--9},
    volume = {25},
    url = {https://arxiv.org/pdf/1801.02859.pdf},
    doi = {10.1051/0004-6361/201832641},
    issn = {14320746},
    arxivId = {1801.02859},
    keywords = {Methods, data analysis – Methods, statistical}
}

@article{Frehlich2008MeasurementsApplications,
    title = {{Measurements of Wind and Turbulence Profiles With Scanning Doppler Lidar for Wind Energy Applications}},
    year = {2008},
    journal = {IEEE Journal of Selected Topics in Applied Earth Observations and Remote Sensing},
    author = {Frehlich, R. and Kelley, N.},
    number = {1},
    pages = {42--47},
    volume = {1},
    url = {http://ieeexplore.ieee.org/lpdocs/epic03/wrapper.htm?arnumber=4609946},
    isbn = {1939-1404},
    doi = {10.1109/JSTARS.2008.2001758},
    issn = {1939-1404}
}

@book{TobelbaderstrasseMemberOnverter,
    title = {{Member of the ams Group U ltrasonic- F low- C onverter}},
    author = {Tobelbaderstrasse, A G},
    number = {0},
    pages = {0--53},
    volume = {43},
    isbn = {4972447419}
}

@article{Holmstrom2014MEMSReview,
    title = {{MEMS laser scanners: A review}},
    year = {2014},
    journal = {Journal of Microelectromechanical Systems},
    author = {Holmstr{\"{o}}m, Sven T.S. and Baran, Utku and Urey, Hakan},
    number = {2},
    pages = {259--275},
    volume = {23},
    isbn = {10577157},
    doi = {10.1109/JMEMS.2013.2295470},
    issn = {10577157},
    keywords = {Laser displays, MEMS scanners, portable projectors}
}

@article{Wang2016MEMSLIDAR,
    title = {{MEMS Optical Phased Array for LIDAR}},
    year = {2016},
    author = {Wang, Youmin},
    number = {October},
    pages = {1--3}
}

@article{Wang2017MicromirrorBeamsteering,
    title = {{Micromirror based optical phased array for wide-angle beamsteering}},
    year = {2017},
    journal = {Proceedings of the IEEE International Conference on Micro Electro Mechanical Systems (MEMS)},
    author = {Wang, Youmin and Wu, Ming C.},
    pages = {897--900},
    isbn = {9781509050789},
    doi = {10.1109/MEMSYS.2017.7863553},
    issn = {10846999}
}

@article{TheMicrosoft,
    title = {{Microsoft Public License ( Ms-PL )}},
    author = {The, Definitions and Subject, Copyright Grant- and Subject, Patent Grant- and This, No Trademark License-},
    number = {C},
    keywords = {accept the license, do not use the, if you do not, if you use the, ms-pl, of the accompanying software, rosoft public license, software, this license, this license governs use, you accept}
}

@article{Mmayer2010MicrosoftOpenSSL.txt,
    title = {{Microsoft Word - OpenSSL.txt}},
    year = {2010},
    author = {{Mmayer}},
    number = {c},
    pages = {1--2},
    url = {papers://17f49ca7-70fd-4af1-b4f5-65f059469a31/Paper/p2088}
}

@article{Milanovic2017MirrorcleGuide,
    title = {{Mirrorcle development kit quick start guide}},
    year = {2017},
    author = {Milanovic, Veljko}
}

@article{Hachtel2015MirrorcleGuide,
    title = {{Mirrorcle Software Suite C ++ Sdk User Guide}},
    year = {2015},
    author = {Hachtel, Volker}
}

@article{Gimbal2017MirrorcleProprietary,
    title = {{Mirrorcle Technologies MEMS Mirrors – Technical Overview Mirrorcle Technologies Gimbal - less Two - Axis Scanning MEMS Mirror Devices are based on proprietary}},
    year = {2017},
    author = {Gimbal, Mirrorcle Technologies and Scanning, Axis and Mirror, Mems}
}

@article{Charvat2012MIT,
    title = {{MIT IAP 2011 Laptop Based Radar : Block Diagram , Schematics , Bill of Material , and Fabrication Instructions * Presented at the 2011 MIT Independent Activities Period ( IAP )}},
    year = {2012},
    author = {Charvat, Gregory L},
    pages = {1--51}
}

@article{1835ModelMeter,
    title = {{Model 1835-C Model 1835-C Multi-Function Optical Meter}},
    year = {1835},
    journal = {Interface}
}

@article{1835ModelMeterb,
    title = {{Model 1835-C Model 1835-C Multi-Function Optical Meter}},
    year = {1835},
    journal = {Interface}
}

@article{Ijaz2013ModelingConditions,
    title = {{Modeling of Fog and Smoke Attenuation in Free Space Optical Communications Link Under Controlled Laboratory Conditions Modeling of Fog and Smoke Attenuation in Free Space Optical Communications Link under Controlled Laboratory Conditions}},
    year = {2013},
    journal = {Journal of Lightwave Technology},
    author = {Ijaz, Muhammad and Pesek, Jiri and Ghassemlooy, Zabih and Fiser, Ondrej},
    number = {JUNE 2013},
    pages = {1720--1726},
    volume = {31},
    doi = {10.1109/jlt.2013.2257683}
}

@article{Smith2003MovingFilters,
    title = {{Moving Average Filters}},
    year = {2003},
    journal = {Digital Signal Processing},
    author = {Smith, Steven W.},
    pages = {277--284},
    url = {http://linkinghub.elsevier.com/retrieve/pii/B9780750674447500522},
    isbn = {0966017633},
    doi = {10.1016/B978-0-7506-7444-7/50052-2},
    issn = {01651765},
    pmid = {15281959}
}

@article{Lai2009Mt-047Tutorial,
    title = {{Mt-047 tutorial}},
    year = {2009},
    journal = {Imid 2009},
    author = {Lai, Y.},
    pages = {1069--1072}
}

@article{Cherabier2016Multi-labelBlocks,
    title = {{Multi-label semantic 3D reconstruction using voxel blocks}},
    year = {2016},
    journal = {Proceedings - 2016 4th International Conference on 3D Vision, 3DV 2016},
    author = {Cherabier, Ian and Hane, Christian and Oswald, Martin R. and Pollefeys, Marc},
    pages = {601--610},
    isbn = {9781509054077},
    doi = {10.1109/3DV.2016.68},
    issn = {1063-6919},
    arxivId = {1612.00593v2},
    keywords = {dense 3D reconstruction, semantic segmentation}
}

@article{Yu2015Multi-ScaleConvolutions,
    title = {{Multi-Scale Context Aggregation by Dilated Convolutions}},
    year = {2015},
    author = {Yu, Fisher and Koltun, Vladlen},
    url = {http://arxiv.org/abs/1511.07122},
    isbn = {0894-0282},
    doi = {10.16373/j.cnki.ahr.150049},
    issn = {00237205},
    pmid = {22352717},
    arxivId = {1511.07122}
}

@article{Peynot2009Multi-SensorVehicles,
    title = {{Multi-Sensor Perception for Unmanned Ground Vehicles}},
    year = {2009},
    author = {Peynot, Thierry and Terho, Sami and Scheding, Steve},
    number = {March}
}

@article{Chen2016Multi-ViewDriving,
    title = {{Multi-View 3D Object Detection Network for Autonomous Driving}},
    year = {2016},
    author = {Chen, Xiaozhi and Ma, Huimin and Wan, Ji and Li, Bo and Xia, Tian},
    url = {http://arxiv.org/abs/1611.07759},
    isbn = {978-1-5386-0457-1},
    doi = {10.1109/CVPR.2017.691},
    arxivId = {1611.07759}
}

@article{Lahat2015MultimodalProspects,
    title = {{Multimodal Data Fusion : An Overview of Methods , Challenges , and Prospects}},
    year = {2015},
    journal = {Proceedings of the IEEE},
    author = {Lahat, Dana and Adali, Tülay and Jutten, Christian},
    number = {9},
    pages = {1449--1477},
    volume = {103},
    isbn = {0018-9219 VO - 103},
    doi = {10.1109/jproc.2015.2460697},
    issn = {0018-9219}
}

@article{Ba2014MultipleAttention,
    title = {{Multiple Object Recognition with Visual Attention}},
    year = {2014},
    author = {Ba, Jimmy and Mnih, Volodymyr and Kavukcuoglu, Koray},
    pages = {1--10},
    url = {http://arxiv.org/abs/1412.7755},
    isbn = {9781424465163},
    arxivId = {1412.7755}
}

@article{Shantaiya2015MultipleFlow,
    title = {{Multiple Object Tracking using Kalman Filter and Optical Flow}},
    year = {2015},
    author = {Shantaiya, Sanjivani and Verma, Kesari and Mehta, Kamal},
    number = {2},
    pages = {34--39},
    volume = {2},
    keywords = {kalman filter, object tracking, occlusion, optical flow}
}

@article{McINTYRE1966MultiplicationDiodes,
    title = {{Multiplication Noise in Uniform Avalanche Diodes}},
    year = {1966},
    journal = {IEEE Transactions on Electron Devices},
    author = {McINTYRE, R. J.},
    number = {1},
    pages = {164--168},
    volume = {ED-13},
    isbn = {0018-9383},
    doi = {10.1109/T-ED.1966.15651},
    issn = {15579646},
    pmid = {7077429}
}

@article{Fu2006NanoscaleLevels,
    title = {{Nanoscale radiation heat transfer for silicon at different doping levels}},
    year = {2006},
    journal = {International Journal of Heat and Mass Transfer},
    author = {Fu, C.J. and Zhang, Z.M.},
    number = {9-10},
    month = {5},
    pages = {1703--1718},
    volume = {49},
    url = {http://linkinghub.elsevier.com/retrieve/pii/S0017931005006502},
    doi = {10.1016/j.ijheatmasstransfer.2005.09.037},
    issn = {00179310},
    keywords = {doped silicon, fluctuational electrodynamics, microscale and nanoscale, near-field thermal radiation}
}

@article{Guide2017Ndigo5G-8Guide,
    title = {{Ndigo5G-8 Ndigo5G-10 User Guide}},
    year = {2017},
    author = {Guide, User},
    number = {build 4865},
    volume = {2}
}

@article{Guide2017Ndigo5G-8Guideb,
    title = {{Ndigo5G-8 Ndigo5G-10 User Guide}},
    year = {2017},
    author = {Guide, User},
    number = {build 4865},
    volume = {2}
}

@article{Basu2010Near-FieldSilicon,
    title = {{Near-Field Radiation Calculated With an Improved Dielectric Function Model for Doped Silicon}},
    year = {2010},
    journal = {Journal of Heat Transfer},
    author = {Basu, S. and Lee, B. J. and Zhang, Z. M.},
    number = {2},
    pages = {023302},
    volume = {132},
    url = {http://link.aip.org/link/JHTRAO/v132/i2/p023302/s1&Agg=doi},
    doi = {10.1115/1.4000179},
    issn = {00221481},
    keywords = {doped silicon, lateral shift, near-field radiation}
}

@article{2004NICTALicence,
    title = {{NICTA Public Software Licence}},
    year = {2004},
    pages = {2004}
}

@article{NoTitle,
    title = {{No Title}}
}

@article{NoTitleb,
    title = {{No Title}}
}

@article{NoTitlec,
    title = {{No Title}}
}

@article{PaperNoTitle,
    title = {{No Title}},
    author = {Paper, White}
}

@article{NoTitled,
    title = {{No Title}}
}

@article{1998NoTitle,
    title = {{No Title}},
    year = {1998},
    number = {October},
    pages = {1998}
}

@article{2003NoTitle,
    title = {{No Title}},
    year = {2003},
    pages = {2003}
}

@article{2009NoTitle,
    title = {{No Title}},
    year = {2009},
    number = {c},
    pages = {5--6}
}

@article{2004NoTitle,
    title = {{No Title}},
    year = {2004},
    number = {January}
}

@article{NoTitlee,
    title = {{No Title}},
    pages = {1--18}
}

@article{NoTitlef,
    title = {{No Title}},
    pages = {1500}
}

@article{2000NoTitle,
    title = {{No Title}},
    year = {2000}
}

@article{NoTitleg,
    title = {{No Title}}
}

@article{Banta2001NOCTURNALRe,
    title = {{NOCTURNAL LOW-LEVEL JET CHARACTERISTICS OVER KANSAS DURING CASES-99 One of the most important processes in the evening boundary-layer transition over relatively flat terrain is the decoupling the flow just above the surface from surface friction , as a re}},
    year = {2001},
    author = {Banta, R M and Newsom, R K and Lundquist, J K and Pichugina, Y L},
    pages = {221--252},
    keywords = {cases-99, lidar, low-level jet, nocturnal boundary layer, stable boundary layer, wind}
}

@article{Gershenfeld2013NoiseSystems,
    title = {{Noise in Physical Systems}},
    year = {2013},
    journal = {The Physics of Information Technology},
    author = {Gershenfeld, Neil},
    number = {x},
    pages = {20},
    doi = {10.1070/PU1990v033n12ABEH002673},
    issn = {21695296}
}

@article{Fang2004NoiseTransform,
    title = {{Noise reduction in lidar signal based on discrete wavelet transform}},
    year = {2004},
    journal = {Optics Communications},
    author = {Fang, Hai Tao and Huang, De Shuang},
    number = {1-3},
    pages = {67--76},
    volume = {233},
    isbn = {0030-4018},
    doi = {10.1016/j.optcom.2004.01.017},
    issn = {00304018},
    keywords = {De-noising, Discrete wavelet transform, Lidar, Power spectral density}
}

@article{Laser2016Npl-1550-M,
    title = {{Npl-1550-M}},
    year = {2016},
    author = {Laser, Pulsed and Mhz, Hz-},
    number = {August},
    pages = {1--3},
    keywords = {tonics for the future}
}

@article{Lai2010ObjectAdaptation,
    title = {{Object recognition in 3D point clouds using web data and domain adaptation}},
    year = {2010},
    journal = {International Journal of Robotics Research},
    author = {Lai, Kevin and Fox, Dieter},
    number = {8},
    pages = {1019--1037},
    volume = {29},
    isbn = {02783649},
    doi = {10.1177/0278364910369190},
    issn = {02783649},
    pmid = {60833510}
}

@article{GeckoOff-The-ShelfAperture,
    title = {{Off-The-Shelf scanner – 8.5 mm aperture}},
    author = {Gecko, The and Gecko-, The and Gecko, Custom and News, Laser Scanning},
    pages = {0--1}
}

@article{Kostamovaara2009OnRadars,
    title = {{On the minimization of timing walk in industrial pulsed time-of-flight laser radars}},
    year = {2009},
    journal = {Sensors (Peterborough, NH)},
    author = {Kostamovaara, Juha and Nissinen, Jan and Kurtti, Sami and Nissinen, Ilkka and Jansson, Jussi and Engineering, Information},
    number = {August 2014},
    pages = {1--13},
    volume = {7356},
    isbn = {9780819476302},
    doi = {10.1117/12.820444},
    issn = {0277786X},
    keywords = {laser radar, pulsed time-of-flight, time interval measurement, timing discrimination}
}

@article{Douillard2011OnClouds,
    title = {{On the segmentation of 3D lidar point clouds}},
    year = {2011},
    journal = {Icra},
    author = {Douillard, Bertrand and Underwood, J. and Kuntz, N. and Vlaskine, V. and Quadros, a. and Morton, P. and Frenkel, a.},
    pages = {2798--2805},
    url = {http://ieeexplore.ieee.org/lpdocs/epic03/wrapper.htm?arnumber=5979818},
    isbn = {9781612843865},
    doi = {10.1109/ICRA.2011.5979818},
    issn = {10504729},
    arxivId = {10.1109/ICRA.2011.5979818}
}

@article{Mancini2002OpEveryone,
    title = {{Op Amps for Everyone}},
    year = {2002},
    journal = {Texas Instruments Design Reference},
    author = {Mancini, Ron and Mancini, Ron},
    number = {August},
    pages = {279–280},
    url = {http://scholar.google.com/scholar?hl=en&btnG=Search&q=intitle:op+amps+for+everyone#0},
    isbn = {978-0750677011},
    doi = {10.1016/B978-075067701-1/50019-5},
    issn = {0750677015},
    arxivId = {SLOD006A}
}

@misc{Op-amps2.pdf,
    title = {{op-amps2.pdf}}
}

@article{Mcmanamon1996OpticalTechnology,
    title = {{Optical phased array technology}},
    year = {1996},
    journal = {Proceedings of the},
    author = {Mcmanamon, Paul F and Member, Senior and Dorschner, Terry A and Corkum, David L and Friedman, Larry J and Hobbs, Douglas S and Holz, Michael and Liberman, Sergey and Nguyen, H U Y Q and Resler, Daniel P and Sharp, Richard C and Watson, Edward A},
    number = {February},
    volume = {84},
    url = {http://ieeexplore.ieee.org/xpls/abs_all.jsp?arnumber=482231},
    keywords = {corkum, daniel p, david l, dorschner, douglas s, friedman, hobbs, huy q, ical phased array technology, ieee, larry j, mcmanamon, member, michael holz, nguyen, paul f, resler, senior member, sergey liberman, terry a}
}

@article{NoteOpticsNote,
    title = {{Optics Formulas Technical Note}},
    author = {Note, Technical and Rule, Light Right-hand and Nomogram, Intensity},
    isbn = {8798375903}
}

@article{Ofek2017OptimalDetection,
    title = {{Optimal matched filter in the low-number count Poisson noise regime and implications for X-ray source detection}},
    year = {2017},
    author = {Ofek, Eran O. and Zackay, Barak},
    number = {1},
    pages = {1--8},
    url = {http://arxiv.org/abs/1709.01524},
    doi = {10.3847/1538-3881/aab265},
    issn = {00046256},
    arxivId = {1709.01524}
}

@article{Ofek2017OptimalDetectionb,
    title = {{Optimal matched filter in the low-number count Poisson noise regime and implications for X-ray source detection}},
    year = {2017},
    journal = {The Astronomical Journal},
    author = {Ofek, Eran O. and Zackay, Barak},
    number = {4},
    pages = {169},
    volume = {155},
    publisher = {IOP Publishing},
    url = {http://arxiv.org/abs/1709.01524},
    doi = {10.3847/1538-3881/aab265},
    issn = {00046256},
    arxivId = {1709.01524},
    keywords = {image processing, methods, methods: statistical,techniques: image processing,, photometric, statistical, techniques}
}

@article{Williams2017OptimizationSystems,
    title = {{Optimization of eyesafe avalanche photodiode lidar for automobile safety and autonomous navigation systems}},
    year = {2017},
    journal = {Optical Engineering},
    author = {Williams, George M.},
    number = {3},
    pages = {031224},
    volume = {56},
    url = {http://opticalengineering.spiedigitallibrary.org/article.aspx?doi=10.1117/1.OE.56.3.031224},
    doi = {10.1117/1.OE.56.3.031224},
    issn = {0091-3286},
    keywords = {automobile driver-assistance sensor, autonomous navigation, avalanche photodiode, ladar, laser, laser radar, lidar}
}

@article{Williams2017OptimizationSystemsb,
    title = {{Optimization of eyesafe avalanche photodiode lidar for automobile safety and autonomous navigation systems}},
    year = {2017},
    journal = {Optical Engineering},
    author = {Williams, George M.},
    number = {3},
    pages = {031224},
    volume = {56},
    url = {http://opticalengineering.spiedigitallibrary.org/article.aspx?doi=10.1117/1.OE.56.3.031224},
    doi = {10.1117/1.OE.56.3.031224},
    issn = {0091-3286},
    keywords = {automobile driver-assistance sensor, autonomous navigation, avalanche photodiode, ladar, laser, laser radar, lidar}
}

@article{HuntingtonOptimizingLidar,
    title = {{Optimizing Time-of-Flight Photoreceivers for Ranging and Lidar}},
    author = {Huntington, Andrew S and Williams, George M and Lee, Adam O},
    keywords = {apd, avalanche photodiode, com, false alarm rate, fax 503-296-2862, georgew, ladar, lidar, phone 971-223-5646, photoreceiver, probability of detection, rangefinder, timing jitter, voxtel-inc}
}

@article{OptimumContents,
    title = {{Optimum Receivers for the Additive White Table of Contents}}
}

@article{Malachowski2010OrganicTransistors,
    title = {{Organic field-effect transistors}},
    year = {2010},
    journal = {Opto-Electronics Review},
    author = {Malachowski, M J and Zmija, J},
    number = {2},
    pages = {121--136},
    volume = {18},
    url = {http://www.unm.edu/~solgel/Course Stuff/Horowitz Adv Mater 1998.pdf},
    isbn = {1230-3402},
    doi = {10.2478/s11772},
    issn = {1230-3402},
    pmid = {22174036},
    keywords = {effect transistors, electronic materials, information displays, opto, organic electronics, organic field}
}

@article{Malachowski2010OrganicTransistorsb,
    title = {{Organic field-effect transistors}},
    year = {2010},
    journal = {Opto-Electronics Review},
    author = {Malachowski, M J and Zmija, J},
    number = {2},
    pages = {121--136},
    volume = {18},
    url = {http://www.unm.edu/~solgel/Course Stuff/Horowitz Adv Mater 1998.pdf},
    isbn = {1230-3402},
    doi = {10.2478/s11772},
    issn = {1230-3402},
    pmid = {22174036},
    keywords = {effect transistors, electronic materials, information displays, opto, organic electronics, organic field}
}

@article{Roman2000ParametricApplications,
    title = {{Parametric adaptive matched filter for airborne radar applications}},
    year = {2000},
    journal = {IEEE Transactions on Aerospace and Electronic Systems},
    author = {Rom{\'{a}}n, Jaime R. and Rangaswamy, Muralidhar and Davis, Dennis W. and Zhang, Qingwen and Himed, Braham and Michels, James H.},
    number = {2},
    pages = {677--692},
    volume = {36},
    isbn = {0018-9251 VO  - 36},
    doi = {10.1109/7.845259},
    issn = {00189251}
}

@article{Kidono2011PedestrianLIDAR,
    title = {{Pedestrian recognition using high-definition LIDAR}},
    year = {2011},
    journal = {IEEE Intelligent Vehicles Symposium, Proceedings},
    author = {Kidono, Kiyosumi and Miyasaka, Takeo and Watanabe, Akihiro and Naito, Takashi and Miura, Jun},
    number = {Iv},
    pages = {405--410},
    isbn = {9781457708909},
    doi = {10.1109/IVS.2011.5940433},
    issn = {1931-0587},
    keywords = {Driver Assistance Systems, Image, Radar, Lidar Signal Processing}
}

@article{Matlab2017PerformanceDemonstrator,
    title = {{Performance Measurement and Model Validation of the SensL Gen3 Scanning LiDAR Demonstrator}},
    year = {2017},
    author = {Matlab, Sensl and Model, Lidar},
    pages = {3--6}
}

@article{2018PhotodetectorsSelection,
    title = {{Photodetectors : Theory , Practice , Applications , and Selection}},
    year = {2018}
}

@article{Baldi2016Please:,
    title = {{Please Direct Inquiries To :}},
    year = {2016},
    author = {Baldi, Susan and Mall, E Tyler},
    number = {600},
    pages = {16032801}
}

@article{Salmon2014PoissonPCA,
    title = {{Poisson noise reduction with non-local PCA}},
    year = {2014},
    journal = {Journal of Mathematical Imaging and Vision},
    author = {Salmon, Joseph and Harmany, Zachary and Deledalle, Charles Alban and Willett, Rebecca},
    number = {2},
    pages = {279--294},
    volume = {48},
    isbn = {9781467300469},
    doi = {10.1007/s10851-013-0435-6},
    issn = {09249907},
    arxivId = {1206.0338},
    keywords = {Gradient methods, Image denoising, Newton's method, PCA, Signal representations}
}

@article{Mirrors2015PolygonalMirrors,
    title = {{Polygonal mirrors}},
    year = {2015},
    author = {Mirrors, Diamond Machined and Mirrors, Conventionally Polished},
    pages = {3--6},
    volume = {c}
}

@article{Receiver2000PR-10-H-M,
    title = {{PR-10-H-M}},
    year = {2000},
    author = {Receiver, Ghz High-gain Photo}
}

@article{Module2014PR-10-H-MManual,
    title = {{PR-10-H-M Module User ’ s Manual}},
    year = {2014},
    author = {Module, Photo Receiver and Gain, High}
}

@article{Calhoun2016Price30,
    title = {{Price and Delivery Sub Total ( USD ): University Package Discount Amount : Total Price ( USD ): FOB : Origin Payment Terms : Net 30}},
    year = {2016},
    author = {Calhoun, Ronald},
    pages = {85012}
}

@article{Otto2012PrincipleRadars,
    title = {{Principle of FMCW Radars}},
    year = {2012},
    author = {Otto, Tobias},
    pages = {21}
}

@article{ORTEC2000PrinciplesSpectroscopy,
    title = {{Principles and Applications of Timing Spectroscopy}},
    year = {2000},
    journal = {Application Note AN-42, Oak Ridge, Tennessee},
    author = {ORTEC, EG\backslash\&G EG\&G and {ORTEC}},
    pages = {24},
    isbn = {9095491234}
}

@article{Guo2015PropagatingRain,
    title = {{Propagating characteristics of pulsed laser in rain}},
    year = {2015},
    journal = {International Journal of Antennas and Propagation},
    author = {Guo, Jing and Zhang, He and Zhang, Xiang Jin},
    volume = {2015},
    doi = {10.1155/2015/292905},
    issn = {16875877}
}

@article{2017PrototypeDevelopment,
    title = {{Prototype System for LIDAR Development}},
    year = {2017}
}

@article{ZhaoPspnet:PyramidNetwork,
    title = {{pspnet:Pyramid Scene Parsing Network}},
    author = {Zhao, Hengshuang and Shi, Jianping and Qi, Xiaojuan and Wang, Xiaogang and Jia, Jiaya and Limited, Sensetime Group},
    arxivId = {arXiv:1612.01105v2}
}

@article{Kurtti2009PulseRangefinder,
    title = {{Pulse width time walk compensation method for a pulsed time-of-flight laser rangefinder}},
    year = {2009},
    journal = {2009 IEEE Intrumentation and Measurement Technology Conference, I2MTC 2009},
    author = {Kurtti, Sami and Kostamovaara, Juha},
    number = {May},
    pages = {1063--1068},
    isbn = {9781424433537},
    doi = {10.1109/IMTC.2009.5168610}
}

@article{Photomultipliers2017R-Series:Photomultipliers,
    title = {{R-Series: Low Noise, Fast, Red-Sensitive Silicon Photomultipliers}},
    year = {2017},
    author = {Photomultipliers, Red-sensitive Silicon},
    pages = {1--12}
}

@book{Mahafza2013RadarMATLAB,
    title = {{Radar systems analysis and design using MATLAB}},
    year = {2013},
    author = {Mahafza, Bassem R.},
    pages = {741},
    isbn = {9781439884959}
}

@inproceedings{Steinvall2005RangeRadars,
    title = {{Range accuracy and resolution for laser radars}},
    year = {2005},
    booktitle = {Electro-Optical Remote Sensing,  International Society for Optics and Photonics},
    author = {Steinvall, Ove and Chevalier, Tomas},
    pages = {598808},
    volume = {5988},
    doi = {10.1117/12.630622},
    keywords = {1 d, 3 d focal plane, array, gated viewing, laser radar, range accuracy, range resolution, waveform}
}

@article{Jordan2009RangeData,
    title = {{Range estimation algorithms comparison in simulated 3-D flash LADAR data}},
    year = {2009},
    journal = {IEEE Aerospace Conference Proceedings},
    author = {Jordan, Steven},
    isbn = {9781424426225},
    doi = {10.1109/AERO.2009.4839450},
    issn = {1095323X}
}

@book{Engineering2004RangeApplications,
    title = {{Range Finder Techniques Measurement Applications}},
    year = {2004},
    author = {Engineering, Information},
    isbn = {9514272617},
    keywords = {internal Q-switching, laser pulsing, laser rangefi}
}

@article{Description2016RangingDescription,
    title = {{Ranging Demonstrator Description}},
    year = {2016},
    author = {Description, Ranging Demonstrator},
    number = {March},
    pages = {1--24}
}

@article{Velodyne2017Real-TimeRate,
    title = {{Real-Time 3D LiDAR Wide Field of View and High Frame Rate}},
    year = {2017},
    author = {{Velodyne}},
    url = {http://velodynelidar.com/docs/datasheet/63-9194_Rev-F_HDL-64E_S3_Data Sheet_Web.pdf}
}

@article{Himmelsbach2009Real-timeHistograms,
    title = {{Real-time object classification in 3D point clouds using point feature histograms}},
    year = {2009},
    journal = {2009 IEEE/RSJ International Conference on Intelligent Robots and Systems},
    author = {Himmelsbach, M. and Luettel, T. and Wuensche, H.-J.},
    pages = {994--1000},
    url = {http://ieeexplore.ieee.org/document/5354493/},
    isbn = {978-1-4244-3803-7},
    doi = {10.1109/IROS.2009.5354493}
}

@article{Himmelsbach2009Real-timeHistogramsb,
    title = {{Real-time object classification in 3D point clouds using point feature histograms}},
    year = {2009},
    journal = {2009 IEEE/RSJ International Conference on Intelligent Robots and Systems},
    author = {Himmelsbach, M. and Luettel, T. and Wuensche, H.-J.},
    pages = {994--1000},
    url = {http://ieeexplore.ieee.org/document/5354493/},
    isbn = {978-1-4244-3803-7},
    doi = {10.1109/IROS.2009.5354493}
}

@article{Mnih2014RecurrentAttention,
    title = {{Recurrent Models of Visual Attention}},
    year = {2014},
    journal = {Advances in Neural Information Processing Systems 27},
    author = {Mnih, Volodymyr and Heess, Nicolas and Graves, Alex and Kavukcuoglu, Koray},
    pages = {1--9},
    volume = {27},
    url = {http://arxiv.org/abs/1406.6247},
    isbn = {078036404X},
    doi = {ng},
    issn = {0157244X},
    pmid = {17756722},
    arxivId = {1406.6247}
}

@article{Smith2003RecursiveFilters,
    title = {{Recursive Filters}},
    year = {2003},
    journal = {Digital Signal Processing},
    author = {Smith, Steven W.},
    pages = {319--332},
    url = {http://linkinghub.elsevier.com/retrieve/pii/B978075067444750056X},
    isbn = {9780471346081},
    doi = {10.1016/B978-0-7506-7444-7/50056-X}
}

@article{Photomultipliers2017Red-EnhancedPhotomultipliers,
    title = {{Red-Enhanced Silicon Photomultipliers}},
    year = {2017},
    author = {Photomultipliers, Red-enhanced Silicon},
    pages = {1--8}
}

@article{Banakh2010RepresentativenessLidar,
    title = {{Representativeness of measurements of the dissipation rate of turbulence energy by scanning Doppler lidar}},
    year = {2010},
    journal = {Atmospheric and Oceanic Optics},
    author = {Banakh, V. a. and Smalikho, I. N. and Pichugina, E. L. and Brewer, W. a.},
    number = {1},
    pages = {48--54},
    volume = {23},
    url = {http://link.springer.com/10.1134/S1024856010010100},
    doi = {10.1134/S1024856010010100},
    issn = {1024-8560}
}

@article{Overbeck1995RequiredPhotodiode,
    title = {{Required energy for a laser radar system incorporating a ber ampli er or an avalanche photodiode}},
    year = {1995},
    journal = {Applied Optics},
    author = {Overbeck, Jay A and Salisbury, Michael S and Mark, Martin B and Watson, Edward A},
    keywords = {avalanche photodiode, fiber ampli ers, imaging, laser radar}
}

@article{Basu2009ReviewConversion,
    title = {{Review of near-field thermal radiation and its application to energy conversion}},
    year = {2009},
    author = {Basu, S and Zhang, Z M and Fu, C J},
    number = {April},
    pages = {1203--1232},
    doi = {10.1002/er},
    keywords = {fluctuational electrodynamics, near-field thermal radiation, thermophotovoltaics}
}

@misc{RoboSense_Suteng_RS16.pdf,
    title = {{RoboSense {\_}Suteng{\_}RS16.pdf}}
}

@article{Held2016RobustMotion,
    title = {{Robust real-time tracking combining 3D shape, color, and motion}},
    year = {2016},
    journal = {International Journal of Robotics Research},
    author = {Held, David and Levinson, Jesse and Thrun, Sebastian and Savarese, Silvio},
    number = {1-3},
    pages = {30--49},
    volume = {35},
    isbn = {0278364915593},
    doi = {10.1177/0278364915593399},
    issn = {17413176},
    keywords = {3D, Tracking, real-time}
}

@article{Held2016RobustMotionb,
    title = {{Robust real-time tracking combining 3D shape, color, and motion}},
    year = {2016},
    journal = {The International Journal of Robotics Research},
    author = {Held, David and Levinson, Jesse and Thrun, Sebastian and Savarese, Silvio},
    number = {1-3},
    pages = {30--49},
    volume = {35},
    url = {http://journals.sagepub.com/doi/10.1177/0278364915593399},
    isbn = {0278364915593},
    doi = {10.1177/0278364915593399},
    issn = {0278-3649}
}

@article{DiscriminatorsRoentDek,
    title = {{RoentDek}},
    author = {Discriminators, Constant Fraction},
    pages = {1--25}
}

@article{ControlledROXPHOTORECEIVERS,
    title = {{ROX TM INGAAS AVALANCHE PHOTODIODE ( APD ) PHOTORECEIVERS LASER RANGING AND LIDAR PHOTORECEIVERS}},
    author = {Controlled, N O T Itar}
}

@article{FeaturesS3SENSOR,
    title = {{S3 Solid State LiDAR Sensor Quanergy ’ s Disruptive Solid State Technology S3 solid state SENSOR}},
    author = {Features, Product}
}

@article{Bousselham2007SamplingTiming,
    title = {{Sampling pulses for optimal timing}},
    year = {2007},
    journal = {IEEE Transactions on Nuclear Science},
    author = {Bousselham, Abdelkader and Bohm, Christian},
    number = {2},
    pages = {320--326},
    volume = {54},
    isbn = {0780392213},
    doi = {10.1109/TNS.2007.892692},
    issn = {00189499},
    keywords = {Analog-digital conversion, Digital signal processing, Sampling methods, Timing}
}

@misc{SamplingPeak.pdf,
    title = {{Sampling Rate of Gaussian Peak.pdf}}
}

@article{Hackel2017Semantic3D.Net:Benchmark,
    title = {{Semantic3D.Net: a New Large-Scale Point Cloud Classification Benchmark}},
    year = {2017},
    journal = {ISPRS Annals of the Photogrammetry, Remote Sensing and Spatial Information Sciences},
    author = {Hackel, T. and Savinov, N. and Ladicky, L. and Wegner, J. D. and Schindler, K. and Pollefeys, M.},
    number = {1W1},
    pages = {91--98},
    volume = {4},
    doi = {10.5194/isprs-annals-IV-1-W1-91-2017},
    issn = {21949050},
    arxivId = {1704.03847}
}

@article{Size2015SensorView,
    title = {{Sensor Size {\&} Field of View}},
    year = {2015},
    journal = {Panavision},
    author = {Size, Sensor},
    url = {http://panalab.panavision.com/sites/default/files/docs/documentLibrary/2 Sensor Size FOV (3).pdf}
}

@article{Mahlisch2006SensorfusionDetection,
    title = {{Sensorfusion Using Spatio-Temporal Aligned Video and Lidar for Improved Vehicle Detection}},
    year = {2006},
    journal = {2006 IEEE Intelligent Vehicles Symposium},
    author = {Mahlisch, M. and Schweiger, R. and Ritter, W. and Dietmayer, K.},
    pages = {424--429},
    url = {http://ieeexplore.ieee.org/document/1689665/},
    isbn = {4-901122-86-X},
    doi = {10.1109/IVS.2006.1689665}
}

@article{H.Xu2004ShotNoise,
    title = {{Shot Noise}},
    year = {2004},
    journal = {Online},
    author = {{H. Xu}},
    pages = {1--6},
    url = {http://www.phy.duke.edu/~hx3/physics/ShotNoise.pdf}
}

@article{Blanter2000ShotConductors,
    title = {{Shot noise in mesoscopic conductors}},
    year = {2000},
    journal = {Physics reports},
    author = {Blanter, Ya M and B{\"{u}}ttiker, Markus},
    number = {1-2},
    pages = {1--166},
    volume = {336},
    publisher = {Elsevier}
}

@article{Aviyente2012SignalThresholding,
    title = {{Signal Denoising with Wavelets Wavelet Thresholding}},
    year = {2012},
    author = {Aviyente, Selin},
    url = {Wavelt Thrsh}
}

@article{Fried1974SignalPho,
    title = {{Signal Processing for a Signal with Poisson Noise Recent work on the processing of optical signals at the photoelectron shot noise limit 1-5 has been concerned with examination of the question of how optimally to utilize the time of occurrence of each pho}},
    year = {1974},
    author = {Fried, David L and Consultants, Optical Science and Box, P O},
    number = {6},
    pages = {1282--1283},
    volume = {13}
}

@article{Oppenheim2010SignalsDetection,
    title = {{Signals, Systems and Inference, Chapter 14: Signal Detection}},
    year = {2010},
    author = {Oppenheim, Alan and Verghese, George},
    pages = {247--262}
}

@article{Muller2018Sim4CV:Applications,
    title = {{Sim4CV: A Photo-Realistic Simulator for Computer Vision Applications}},
    year = {2018},
    journal = {International Journal of Computer Vision},
    author = {M{\"{u}}ller, Matthias and Casser, Vincent and Lahoud, Jean and Smith, Neil and Ghanem, Bernard},
    pages = {1--18},
    doi = {10.1007/s11263-018-1073-7},
    issn = {15731405},
    arxivId = {1708.05869},
    keywords = {Autonomous driving, Deep learning, Imitation learning, Object tracking, Simulator, Unreal Engine 4}
}

@article{Budge2006SimulationLadarSIM,
    title = {{Simulation and modeling of return waveforms from a ladar beam footprint in USU LadarSIM}},
    year = {2006},
    journal = {Proc. SPIE},
    author = {Budge, Scott and Leishman, Brad and Pack, Robert},
    pages = {62140N},
    volume = {6214},
    url = {http://proceedings.spiedigitallibrary.org/proceeding.aspx?articleid=1285551%0Ahttp://proceedings.spiedigitallibrary.org/proceeding.aspx?doi=10.1117/12.666404%0Ahttp://dx.doi.org/10.1117/12.666404},
    isbn = {0819462705},
    doi = {10.1117/12.666404},
    issn = {0277786X}
}

@article{Kim2013SimulationAssessment,
    title = {{Simulation of a geiger-mode imaging LADAR system for performance assessment}},
    year = {2013},
    journal = {Sensors (Switzerland)},
    author = {Kim, Seongjoon and Lee, Impyeong and Kwon, Yong Joon},
    number = {7},
    pages = {8461--8489},
    volume = {13},
    doi = {10.3390/s130708461},
    issn = {14248220},
    pmid = {23823970},
    keywords = {FPA, Flash ladar, Geiger mode, GmAPD, GmFPA, Imaging, Ladar, Laser radar, Lidar, Performance assessment, Range gated, Sensor model, Simulation}
}

@article{Lane1992SimulationScreen,
    title = {{Simulation of a Kolmogorov phase screen}},
    year = {1992},
    journal = {Waves in Random Media},
    author = {Lane, R. G. and Glindemann, A. and Dainty, J. C.},
    number = {3},
    pages = {209--224},
    volume = {2},
    isbn = {0959-7174},
    doi = {10.1088/0959-7174/2/3/003},
    issn = {09597174},
    pmid = {18319776}
}

@article{Der1997SimulationMeasurements,
    title = {{Simulation of error in optical radar range measurements}},
    year = {1997},
    journal = {Applied Optics},
    author = {Der, S and Redman, B and Chellappa, R},
    number = {27},
    pages = {6869--6874},
    volume = {36},
    isbn = {0003-6935},
    doi = {10.1364/AO.36.006869},
    issn = {21553165},
    pmid = {18259558},
    keywords = {beam, ladar, laser ranging, pulsed laser radar, range imaging, three-dimensional imaging}
}

@article{Der1997SimulationMeasurementsb,
    title = {{Simulation of error in optical radar range measurements}},
    year = {1997},
    journal = {Applied Optics},
    author = {Der, S and Redman, B and Chellappa, R},
    number = {27},
    pages = {6869--6874},
    volume = {36},
    isbn = {0003-6935},
    doi = {10.1364/AO.36.006869},
    issn = {21553165},
    pmid = {18259558},
    keywords = {beam, ladar, laser ranging, pulsed laser radar, range imaging, three-dimensional imaging}
}

@article{Paper2016SiPMsApplications,
    title = {{SiPMs in Direct ToF Ranging Applications SiPMs in Direct ToF Ranging Applications}},
    year = {2016},
    author = {Paper, White},
    number = {March},
    pages = {1--17}
}

@article{Riisgaard2004SLAMDummies,
    title = {{SLAM for Dummies}},
    year = {2004},
    journal = {A Tutorial Approach to Simultaneous Localization and Mapping},
    author = {Riisgaard, Søren and Blas, Morten Rufus},
    number = {June},
    pages = {1--127},
    volume = {22},
    url = {http://ocw.num.edu.mn/NR/rdonlyres/Aeronautics-and-Astronautics/16-412JSpring-2005/9D8DB59F-24EC-4B75-BA7A-F0916BAB2440/0/1aslam_blas_repo.pdf},
    isbn = {9781424448814},
    doi = {10.1017/S0025315400002526},
    issn = {00253154},
    arxivId = {321-330}
}

@book{Krempels2015Smart,
    title = {{Smart Cities ,}},
    year = {2015},
    author = {Krempels, Markus Helfert Karl-heinz and Klein, Cornel and Donnellan, Brian and Eds, Oleg Gusikhin},
    isbn = {9783319277523}
}

@article{Kokozinski2018SPAD-basedApplications,
    title = {{SPAD-based flash LiDAR sensor with high ambient light rejection for automotive applications}},
    year = {2018},
    journal = {Proc. SPIE},
    author = {Kokozinski, Rainer and Schrey, Olaf M. and Beer, Maik and Ruskowski, Jennifer and Brockherde, Werner and Hosticka, Bedrich J. and Haase, Jan F.},
    number = {January},
    pages = {105402G},
    volume = {10540},
    url = {https://www.spiedigitallibrary.org/conference-proceedings-of-spie/10540/2286879/SPAD-based-flash-LiDAR-sensor-with-high-ambient-light-rejection/10.1117/12.2286879.full},
    isbn = {9781510615656},
    doi = {10.1117/12.2286879},
    keywords = {background rejection, light detection and ranging, single-photon avalanche diode, time-of-flight}
}

@article{Kokozinski2018SPAD-basedApplicationsb,
    title = {{SPAD-based flash LiDAR sensor with high ambient light rejection for automotive applications}},
    year = {2018},
    journal = {Proc. SPIE},
    author = {Kokozinski, Rainer and Schrey, Olaf M. and Beer, Maik and Ruskowski, Jennifer and Brockherde, Werner and Hosticka, Bedrich J. and Haase, Jan F.},
    number = {January},
    pages = {105402G},
    volume = {10540},
    url = {https://www.spiedigitallibrary.org/conference-proceedings-of-spie/10540/2286879/SPAD-based-flash-LiDAR-sensor-with-high-ambient-light-rejection/10.1117/12.2286879.full},
    isbn = {9781510615656},
    doi = {10.1117/12.2286879},
    keywords = {background rejection, light detection and ranging, single-photon avalanche diode, time-of-flight}
}

@article{Coisson2004SpatialRadiation,
    title = {{Spatial Coherence of Synchrotron Radiation}},
    year = {2004},
    journal = {Applied Optics},
    author = {Coisson, R and Marchesini, S},
    number = {5},
    pages = {904--908},
    volume = {34},
    publisher = {OSA},
    url = {http://arxiv.org/abs/physics/0401021}
}

@article{Yin2016SphericalSensor,
    title = {{Spherical coordinates based methods of ground extraction and objects segmentation using 3-D LiDAR sensor}},
    year = {2016},
    journal = {IEEE Intelligent Transportation Systems Magazine},
    author = {Yin, Huilin and Yang, Xiaohan and He, Chao},
    number = {1},
    pages = {61--68},
    volume = {8},
    isbn = {1939-1390},
    doi = {10.1109/MITS.2015.2494079},
    issn = {19391390}
}

@article{2017Statement31,
    title = {{Statement of Work for Optilab Collaboration ASU Lidar Group -- May 31}},
    year = {2017},
    pages = {6--7}
}

@article{Type2017StaticAxes,
    title = {{Static Response Voltage vs . Mech . Angle - Individual Axes}},
    year = {2017},
    author = {Type, Mirror},
    pages = {1--6}
}

@article{Type2017StaticAxesb,
    title = {{Static Response Voltage vs . Mech . Angle - Individual Axes}},
    year = {2017},
    author = {Type, Mirror},
    pages = {1--6}
}

@article{Xu2005SurveyMANET,
    title = {{Survey of clustering algorithms for MANET}},
    year = {2005},
    journal = {IEEE Transactions on Neural Networks},
    author = {Xu, Rui},
    number = {3},
    pages = {645--678},
    volume = {16},
    isbn = {1045-9227},
    doi = {10.1109/TNN.2005.845141},
    issn = {1045-9227},
    pmid = {15940994},
    arxivId = {0912.2303},
    keywords = {clusterhead, clustering, mobile ad hoc networks}
}

@article{Boreman1991SystemRangefinder,
    title = {{System design of a pulsed laser rangefinder}},
    year = {1991},
    author = {Boreman, Glenn D and Spie, Member},
    number = {3},
    pages = {323--329},
    volume = {30},
    doi = {10.1117/12.55801},
    issn = {00913286}
}

@article{Lukacs2012TableContents,
    title = {{Table of of contents}},
    year = {2012},
    journal = {Schriften des Forschungszentrum J�lich Reihe Energietechnik},
    author = {Lukacs, Michael and Bhadra, Dipasis},
    number = {November},
    pages = {39},
    volume = {21},
    url = {https://www.faa.gov/data_research/aviation/aerospace_forecasts/media/FY2017-37_FAA_Aerospace_Forecast.pdf},
    isbn = {9780132478663},
    doi = {10.1002/ejoc.201200111},
    issn = {0196-6553},
    pmid = {26840611},
    arxivId = {arXiv:1011.1669v3},
    keywords = {Engineering, Materials, material}
}

@article{Lukacs2012TableContentsb,
    title = {{Table of of contents}},
    year = {2012},
    journal = {Schriften des Forschungszentrum J�lich Reihe Energietechnik},
    author = {Lukacs, Michael and Bhadra, Dipasis},
    number = {November},
    pages = {39},
    volume = {21},
    url = {https://www.faa.gov/data_research/aviation/aerospace_forecasts/media/FY2017-37_FAA_Aerospace_Forecast.pdf},
    isbn = {9780132478663},
    doi = {10.1002/ejoc.201200111},
    issn = {0196-6553},
    pmid = {26840611},
    arxivId = {arXiv:1011.1669v3},
    keywords = {Engineering, Materials, material}
}

@article{Lukacs2012TableContentsc,
    title = {{Table of of contents}},
    year = {2012},
    journal = {Schriften des Forschungszentrum J�lich Reihe Energietechnik},
    author = {Lukacs, Michael and Bhadra, Dipasis},
    number = {November},
    pages = {39},
    volume = {21},
    url = {https://www.faa.gov/data_research/aviation/aerospace_forecasts/media/FY2017-37_FAA_Aerospace_Forecast.pdf},
    isbn = {9780132478663},
    doi = {10.1002/ejoc.201200111},
    issn = {0196-6553},
    pmid = {26840611},
    arxivId = {arXiv:1011.1669v3},
    keywords = {Engineering, Materials, material}
}

@article{Board2016TDC-GPX2,
    title = {{TDC-GPX2}},
    year = {2016},
    author = {Board, Standard},
    pages = {1--25}
}

@article{Board2016Tdc-Gpx2b,
    title = {{Tdc-Gpx2}},
    year = {2016},
    author = {Board, Standard},
    pages = {1--25}
}

@article{TI2016TDC7201ADAS,
    title = {{TDC7201 Time-to-Digital Converter for Time-of-Flight Applications in LIDAR , Range Finders , and ADAS}},
    year = {2016},
    author = {{TI}},
    keywords = {, SNAS686,SNAS686}
}

@article{TI2016TDC7201ADASb,
    title = {{TDC7201 Time-to-Digital Converter for Time-of-Flight Applications in LIDAR , Range Finders , and ADAS}},
    year = {2016},
    author = {{TI}},
    keywords = {, SNAS686,SNAS686}
}

@article{Yang2011TheAreas,
    title = {{The annotated laser data set for navigation in urban areas}},
    year = {2011},
    journal = {International Journal of Robotics Research},
    author = {Yang, Shao Wen and Wang, Chieh Chih and Thorpe, Charles},
    number = {9},
    pages = {1095--1099},
    volume = {30},
    doi = {10.1177/0278364910389840},
    issn = {02783649},
    keywords = {Data paper, field robotics, laser, localization, mapping, mobile robotics, moving object detection, navigation}
}

@article{Al-Temeemy2017TheApproach,
    title = {{The Development of a 3D LADAR Simulator Based on a Fast Target Impulse Response Generation Approach}},
    year = {2017},
    journal = {3D Research},
    author = {Al-Temeemy, Ali Adnan},
    number = {3},
    pages = {1--16},
    volume = {8},
    publisher = {3D Display Research Center},
    doi = {10.1007/s13319-017-0142-y},
    issn = {20926731},
    keywords = {3D LADAR simulator, 3D LIDAR simulator, 3D laser imaging, 3D laser radar}
}

@article{Al-Temeemy2017TheApproachb,
    title = {{The Development of a 3D LADAR Simulator Based on a Fast Target Impulse Response Generation Approach}},
    year = {2017},
    journal = {3D Research},
    author = {Al-Temeemy, Ali Adnan},
    number = {3},
    pages = {1--16},
    volume = {8},
    publisher = {3D Display Research Center},
    doi = {10.1007/s13319-017-0142-y},
    issn = {20926731},
    keywords = {3D LADAR simulator, 3D LIDAR simulator, 3D laser imaging, 3D laser radar}
}

@article{Huang1998TheAnalysis,
    title = {{The Empirical Mode Decomposition and the Hilbert Spectrum for Nonlinear and Non- Stationary Time Series Analysis}},
    year = {1998},
    journal = {Proceedings of Royal Society of London A},
    author = {Huang, Norden E and Shen, Zheng and Long, Steven R and Wu, Manli C and Shih, Hsing H},
    number = {1971},
    pages = {903--995},
    volume = {454},
    doi = {http://dx.doi.org/10.1098/rspa.1998.0193}
}

@article{Montgomery2006TheDevelopment,
    title = {{The jet propulsion laboratory autonomous helicopter testbed: A platform for planetary exploration technology research and development}},
    year = {2006},
    journal = {J. Field Robotics},
    author = {Montgomery, J. and Roumeliotis, S. I. and Johnson, A. and Matthies, L.},
    number = {Iv},
    pages = {245--267},
    volume = {23},
    isbn = {9783902661623},
    doi = {10.1002/rob},
    issn = {14746670},
    pmid = {22164016},
    arxivId = {10.1.1.91.5767},
    keywords = {Backstepping, Non-linear control, Path-following}
}

@article{Montgomery2006TheDevelopmentb,
    title = {{The jet propulsion laboratory autonomous helicopter testbed: A platform for planetary exploration technology research and development}},
    year = {2006},
    journal = {J. Field Robotics},
    author = {Montgomery, J. and Roumeliotis, S. I. and Johnson, A. and Matthies, L.},
    number = {2004},
    pages = {245--267},
    volume = {23},
    isbn = {9783902661623},
    doi = {10.1002/rob},
    issn = {14746670},
    pmid = {22164016},
    arxivId = {10.1.1.91.5767},
    keywords = {Backstepping, Non-linear control, Path-following}
}

@article{Montgomery2006TheDevelopmentc,
    title = {{The jet propulsion laboratory autonomous helicopter testbed: A platform for planetary exploration technology research and development}},
    year = {2006},
    journal = {J. Field Robotics},
    author = {Montgomery, J. and Roumeliotis, S. I. and Johnson, A. and Matthies, L.},
    number = {8},
    pages = {245--267},
    volume = {23},
    isbn = {9783902661623},
    doi = {10.1002/rob},
    issn = {14746670},
    pmid = {22164016},
    arxivId = {10.1.1.91.5767},
    keywords = {Backstepping, Non-linear control, Path-following}
}

@article{Montgomery2006TheDevelopmentd,
    title = {{The jet propulsion laboratory autonomous helicopter testbed: A platform for planetary exploration technology research and development}},
    year = {2006},
    journal = {J. Field Robotics},
    author = {Montgomery, J. and Roumeliotis, S. I. and Johnson, A. and Matthies, L.},
    number = {9},
    pages = {245--267},
    volume = {23},
    isbn = {9783902661623},
    doi = {10.1002/rob},
    issn = {14746670},
    pmid = {22164016},
    arxivId = {10.1.1.91.5767},
    keywords = {Backstepping, Non-linear control, Path-following}
}

@article{Peynot2010TheConditions,
    title = {{The marulan data sets: Multi-sensor perception in a natural environment with challenging conditions}},
    year = {2010},
    journal = {International Journal of Robotics Research},
    author = {Peynot, Thierry and Scheding, Steve and Terho, Sami},
    number = {13},
    pages = {1602--1607},
    volume = {29},
    isbn = {0278-3649{\$}{\textbackslash}{\$}r1741-3176},
    doi = {10.1177/0278364910384638},
    issn = {02783649},
    keywords = {Range sensing, computer vision, field robots, sensor data fusion}
}

@article{Physics1998ThermalResistor,
    title = {{Thermal Johnson Noise Generated by a Resistor}},
    year = {1998},
    author = {Physics, Thermal and Physics, Elementary Statistical},
    number = {2},
    pages = {1--15}
}

@article{Steinvall2001Three-dimensionalModeling,
    title = {{Three-dimensional laser radar modeling}},
    year = {2001},
    author = {Steinvall, Ove K. and Carlsson, Tomas},
    number = {September 2001},
    pages = {23--34},
    url = {http://proceedings.spiedigitallibrary.org/proceeding.aspx?articleid=913611},
    doi = {10.1117/12.440110}
}

@book{Hansard2012TimeHal-00725654,
    title = {{Time of Flight Cameras : Principles , Methods , and Applications To cite this version : HAL Id : hal-00725654}},
    year = {2012},
    author = {Hansard, Miles and Lee, Seungkyu and Choi, Ouk and Horaud, Radu and Hansard, Miles and Lee, Seungkyu and Choi, Ouk and Horaud, Radu and Cameras, Flight},
    isbn = {9781447146582}
}

@article{Anitha2011Time-of-FlightTechniques,
    title = {{Time-of-Flight Measurement for Ultrasonic Sensors using Digital Signal Processing Techniques}},
    year = {2011},
    author = {Anitha, K and Kumar, P Rajesh and Sudheera, V Vamsi and Kumar, M Narendra},
    number = {1},
    pages = {267--270},
    volume = {7109},
    keywords = {cross correlation, digital signal processing, measurement, time of flight, ultrasonic sensor}
}

@article{Henzler2010Time-to-DigitalConverters,
    title = {{Time-to-Digital Converters}},
    year = {2010},
    author = {Henzler, Stephan},
    volume = {29},
    url = {http://link.springer.com/10.1007/978-90-481-8628-0},
    isbn = {978-90-481-8627-3},
    doi = {10.1007/978-90-481-8628-0},
    issn = {1098-6596},
    pmid = {25246403},
    arxivId = {arXiv:1011.1669v3},
    keywords = {1 motivation, 2, analog tdc, basic time-to-digital converter, certainly most engineers link, digital delay-line, mixed-signal systems, tdc, the way to the, this expression, time domain, time-to-digital converters}
}

@misc{Tomitani_1982_ACounters.pdf,
    title = {{Tomitani{\_}1982{\_}A Maximum Likelihood Approach to Timing In  Scintillation Counters.pdf}}
}

@article{Satat2018TowardsFog,
    title = {{Towards Photography Through Realistic Fog}},
    year = {2018},
    journal = {IEEE International Conference of Computational Photography},
    author = {Satat, Guy and Tancik, Matthew and Raskar, Ramesh},
    url = {http://web.media.mit.edu/~guysatat/fog/materials/TowardsPhotographyThroughRealisticFog.pdf},
    isbn = {9781538625262},
    doi = {10.1109/ICCPHOT.2018.8368463}
}

@article{Premebida2006TrackingVision,
    title = {{Tracking and Classification of Dynamic Obstacles Using Laser Range Finder and Vision}},
    year = {2006},
    journal = {System},
    author = {Premebida, Cristiano and Peixoto, Paulo and Nunes, Urbano},
    keywords = {Classification, Laser, Tracking, Vision}
}

@article{DavisTrue,
    title = {{True {\%} Analog {\%} Non-Mechanical {\%} Beam {\%} Steering {\%} Using {\%} Liquid {\%} Crystal {\%} Waveguide {\%} Techniques {\%}}},
    author = {Davis, Scott and Rommel, Scott and Anderson, Mike and Gann, Derek},
    number = {Lc},
    pages = {5--7}
}

@article{InstrumentsTutorialSpectra,
    title = {{Tutorial on Measurement of Power Spectra}},
    journal = {National Instruments},
    author = {Instruments, National},
    keywords = {analyzing and, and the power spectrum, are powerful tools for, daq, data acquisition, devices, fft, for example, measuring signals from plug-in, national instruments inc, orial on measurement of, power spectra, the fast fourier transform, you can effectively}
}

@article{Godbaz2012UnderstandingLidar,
    title = {{Understanding and Ameliorating non-linear phase and amplitude responses in AMCW lidar}},
    year = {2012},
    journal = {Remote Sensing},
    author = {Godbaz, John P. and Cree, Michael J. and Dorrington, Adrian A.},
    number = {1},
    pages = {21--42},
    volume = {4},
    doi = {10.3390/rs4010021},
    issn = {20724292},
    keywords = {AMCW, Crosstalk, Harmonic cancelation, Heterodyning, Irregular phase steps, Lidar, Multipath, Non-circularly-symmetric noise, Phase linearity}
}

@article{MASSACHUSETTSINSTITUTEOFTECHNOLOGY1951UnderstandingZeros,
    title = {{Understanding Poles and Zeros}},
    year = {1951},
    journal = {Nature},
    author = {{MASSACHUSETTS INSTITUTE OF TECHNOLOGY}},
    number = {4247},
    pages = {470--471},
    volume = {167},
    url = {http://www.nature.com/articles/Art167470a0},
    isbn = {0000000000000},
    doi = {10.1038/167470a0},
    issn = {0028-0836},
    keywords = {14 analysis and design, 2, department of mechanical engineering, of feedback control systems, sachusetts institute of technology, understanding poles and zeros}
}

@article{Levinson2014UnsupervisedLasers,
    title = {{Unsupervised calibration for multi-beam lasers}},
    year = {2014},
    journal = {Springer Tracts in Advanced Robotics},
    author = {Levinson, Jesse and Thrun, Sebastian},
    pages = {179--193},
    volume = {79},
    isbn = {9783642285714},
    doi = {10.1007/978-3-642-28572-1{\_}13},
    issn = {1610742X}
}

@article{Series2012V7P-FFEXAArray,
    title = {{V7P-FFEXA Series LADAR APD Focal Plane Array LADAR APD Focal Plane Array}},
    year = {2012},
    author = {Series, P-ffexa},
    pages = {6--9}
}

@article{Darms2008VehicleChallenge,
    title = {{Vehicle detection and tracking for the Urban Challenge Vehicle Detection and Tracking for the Urban Challenge}},
    year = {2008},
    journal = {IEEE TRANSACTIONS ON INTELLIGENT TRANSPORTATION SYSTEMS, VOL. 10, NO. 3, SEPTEMBER 2009 Obstacle},
    author = {Darms, Michael and Baker, Christopher R and Rybski, Paul E and Urmson, Chris},
    number = {3},
    pages = {57--67},
    volume = {10},
    isbn = {1524-9050},
    doi = {10.1109/TITS.2009.2018319},
    issn = {15249050},
    keywords = {object tracking, situation assessment, tartan racing, urban challenge}
}

@article{Li2016VehicleNetwork,
    title = {{Vehicle Detection from 3D Lidar Using Fully Convolutional Network}},
    year = {2016},
    author = {Li, Bo and Zhang, Tianlei and Xia, Tian},
    url = {http://arxiv.org/abs/1608.07916},
    isbn = {9780992374723},
    doi = {10.15607/RSS.2016.XII.042},
    issn = {2330765X},
    arxivId = {1608.07916}
}

@article{VerticalFov,
    title = {{Vertical fov}},
    pages = {104}
}

@article{Engelcke2016Vote3Deep:Networks,
    title = {{Vote3Deep: Fast Object Detection in 3D Point Clouds Using Efficient Convolutional Neural Networks}},
    year = {2016},
    author = {Engelcke, Martin and Rao, Dushyant and Wang, Dominic Zeng and Tong, Chi Hay and Posner, Ingmar},
    url = {http://arxiv.org/abs/1609.06666},
    isbn = {9781509046324},
    arxivId = {1609.06666}
}

@article{ZengWang2015VotingDetection,
    title = {{Voting for Voting in Online Point Cloud Object Detection}},
    year = {2015},
    journal = {Robotics: Science and Systems XI},
    author = {Zeng Wang, Dominic and Posner, Ingmar},
    url = {http://www.roboticsproceedings.org/rss11/p35.pdf},
    isbn = {9780992374716},
    doi = {10.15607/RSS.2015.XI.035},
    issn = {2330765X},
    arxivId = {1502.04652}
}

@article{Papon2013VoxelClouds,
    title = {{Voxel cloud connectivity segmentation - Supervoxels for point clouds}},
    year = {2013},
    journal = {Proceedings of the IEEE Computer Society Conference on Computer  Vision and Pattern Recognition},
    author = {Papon, Jeremie and Abramov, Alexey and Schoeler, Markus and Worgotter, Florentin},
    pages = {2027--2034},
    isbn = {978-0-7695-4989-7},
    doi = {10.1109/CVPR.2013.264},
    issn = {10636919},
    keywords = {PCL, kinect, pointclouds, segmentation, superpixels}
}

@article{Zhou2017VoxelNet:Detection,
    title = {{VoxelNet: End-to-End Learning for Point Cloud Based 3D Object Detection}},
    year = {2017},
    author = {Zhou, Yin and Tuzel, Oncel},
    url = {http://arxiv.org/abs/1711.06396},
    doi = {1711.06396v1},
    arxivId = {1711.06396}
}

@article{Maturana2015VoxNet:Recognition,
    title = {{VoxNet: A 3D Convolutional Neural Network for Real-Time Object Recognition}},
    year = {2015},
    journal = {Iros},
    author = {Maturana, Daniel and Scherer, Sebastian},
    pages = {922--928},
    isbn = {9781479999934},
    doi = {10.1109/IROS.2015.7353481},
    issn = {21530866},
    keywords = {Field Robots, Range Sensing, Recognition}
}

@article{DiagramVPS-1550-B-A,
    title = {{VPS-1550-B-A}},
    author = {Diagram, Functional},
    pages = {1--3}
}

@article{Pulsed2016VPS-BManual,
    title = {{VPS-B Benchtop User ’ s Manual}},
    year = {2016},
    author = {Pulsed, Variable and Laser, D F B and Caution, Benchtop}
}

@article{Yamamoto1994WaveletApplications,
    title = {{Wavelet Analysis : Theory and Applications}},
    year = {1994},
    journal = {Transform},
    author = {Yamamoto, Akio},
    number = {December},
    pages = {44--52},
    volume = {45},
    url = {http://www.hpl.hp.com/hpjournal/94dec/dec94a6a.pdf},
    isbn = {079239271X},
    doi = {10.1051/jp1:1997114},
    issn = {00181153},
    arxivId = {cond-mat/9705132v2}
}

@article{Mittermayr1996WaveletStudy,
    title = {{Wavelet denoising of Gaussian peaks: A comparative study}},
    year = {1996},
    journal = {Chemometrics and Intelligent Laboratory Systems},
    author = {Mittermayr, C. R. and Nikolov, S. G. and Hutter, H. and Grasserbauer, M.},
    number = {2},
    pages = {187--202},
    volume = {34},
    isbn = {0169-7439},
    doi = {10.1016/0169-7439(96)00026-3},
    issn = {01697439},
    keywords = {Chromatography, Filter, Fourier transform, Signal processing, Wavelet transform}
}

@article{Johnstone1997WaveletNoise,
    title = {{Wavelet threshold estimators for data with correlated noise}},
    year = {1997},
    journal = {Journal of the Royal Statistical Society. Series B: Statistical Methodology},
    author = {Johnstone, Iain M. and Silverman, Bernard W.},
    number = {2},
    pages = {319--351},
    volume = {59},
    isbn = {0035-9246},
    doi = {10.1111/1467-9868.00071},
    issn = {13697412},
    keywords = {Adaptive estimation, Decision theory, Ion channels, Level-dependent thresholding, Long-range dependence, Minimax estimation, Non-linear estimators, Nonparametric regression, Oracle inequality, Wavelet transform}
}

@article{DetectionWhatOTE,
    title = {{What is a Lock-in Amplifier ? T ECHNICAL N OTE}},
    journal = {Measurement},
    author = {Detection, Phase-sensitive},
    pages = {1--4},
    doi = {10.1227/01.NEU.0000031004.69814.2D}
}

@article{Scales1998WhatNoise,
    title = {{What is noise?}},
    year = {1998},
    journal = {Geophysics},
    author = {Scales, J. A. and Snieder, R.},
    number = {4},
    pages = {1122--1124},
    volume = {63},
    url = {http://library.seg.org/doi/pdf/10.1190/1.1444411}
}

@article{Vaidyanathan2010WienerFiltering,
    title = {{Wiener filtering}},
    year = {2010},
    journal = {Introduction to Communication, Control, and Signal Processing},
    author = {Vaidyanathan, P. P. and Oppenheim, V. A. and Verghese, G. C.},
    pages = {792--801},
    isbn = {9781139042741},
    doi = {10.1017/CBO9781139042741.029}
}

@article{Wu2016WindLidar,
    title = {{Wind turbine wake visualization and characteristics analysis by Doppler lidar}},
    year = {2016},
    journal = {Optics Express},
    author = {Wu, Songhua and Liu, Bingyi and Liu, Jintao and Zhai, Xiaochun and Feng, Changzhong and Wang, Guining and Zhang, Hongwei and Yin, Jiaping and Wang, Xitao and Li, Rongzhong and Gallacher, Daniel},
    number = {10},
    pages = {A762},
    volume = {24},
    url = {https://www.osapublishing.org/abstract.cfm?URI=oe-24-10-A762},
    isbn = {1094-4087 (Electronic)1094-4087 (Linking)},
    doi = {10.1364/OE.24.00A762},
    issn = {1094-4087},
    pmid = {27409950}
}

@article{Smith2003Windowed-SincFilters,
    title = {{Windowed-Sinc Filters}},
    year = {2003},
    journal = {Digital Signal Processing},
    author = {Smith, Steven W.},
    pages = {285--296},
    url = {http://linkinghub.elsevier.com/retrieve/pii/B9780750674447500534},
    isbn = {0-9660176-3-3},
    doi = {10.1016/B978-0-7506-7444-7/50053-4}
}

@article{Smart2005WxWindowsEnglish.pdf,
    title = {{wxWindows 3.1 License - English.pdf}},
    year = {2005},
    author = {Smart, Copyright C Julian and Roebling, Robert},
    number = {C},
    pages = {2005}
}

@article{ZlibEnglish.pdf,
    title = {{zlib License - English.pdf}},
    pages = {3}
}

@article{Guide2012Zynq-7000Kit,
    title = {{Zynq-7000 All Programmable SoC : ZC702 Evaluation Kit and Video and Imaging Kit}},
    year = {2012},
    author = {Guide, Getting Started},
    pages = {1--52},
    volume = {926},
    keywords = {"Zynq-7000, ZC702 evaluation board, evaluation kit, ZC702 evaluation board, evaluation kit}
}

@article{1,
    title = {{[1] ? ? − ???? ?????????? ?? ?ℎ? ??????? ???? ? ? − ???? ?????? (? ???????? ?? ?????)}}
}

@article{Cheng2014BING:300fps,
    title = {{{\{}BING{\}}: Binarized Normed Gradients for Objectness Estimation at 300fps}},
    year = {2014},
    journal = {Cvpr},
    author = {Cheng, Ming-Ming and Zhang, Ziming and Lin, Wen-Yan and Torr, Philip},
    pages = {3286--3293},
    isbn = {978-1-4799-5118-5},
    doi = {10.1109/CVPR.2014.414},
    issn = {10636919}
}

@article{Stoneking1997,
    title = {{ͩ ͪ ͑ 2 ͒}},
    year = {1997},
    author = {Stoneking, M R and Hartog, D J Den},
    number = {May 1996},
    pages = {914--917},
    volume = {68}
}

@article{Stoneking1997b,
    title = {{ͩ ͪ ͑ 2 ͒}},
    year = {1997},
    author = {Stoneking, M R and Hartog, D J Den},
    number = {May 1996},
    pages = {914--917},
    volume = {68}
}

@article{Liao2016,
    title = {{先進駕駛輔助系統及汽車雷達之 解決方案 Challenges and Solutions of ADAS and Automotive Radar Introduction to ADAS ( Advanced Driver Assistance Systems )}},
    year = {2016},
    author = {Liao, Kenny}
}

@article{Silva,
    title = {{}},
    author = {Silva, Varuna De and Roche, Jamie and Kondoz, Ahmet and Member, Senior},
    url = {https://arxiv.org/pdf/1710.06230.pdf},
    keywords = {Driverless cars, Free space detection, Gaussian Process Regression, Index Terms— Sensor data fusion, LiDAR, autonomous vehicles}
}